@misc{RalphBeckmann_Interview,
  author = {Beckmann, Ralph},
  date = {2018-03-29},
  title = {Blockchain Advisor Pointnext, Hewlett Packard Enterprise, Böblingen, personal interview on 29th of March 2018 in Böblingen}
}

@misc{DanielKaltenbach_Interview,
  author = {Daniel Kaltenbach},
  date = {2018-03-22},
  title = {IoT Lead DACH and Russia, Hewlett Packard Enterprise, Böblingen, personal interview on 22nd of March 2018 in Böblingen}
}

@misc{BjoernPaulewicz_Interview,
  author = {Paulewicz, Björn},
  date = {2018-03-27},
  title = {Campaign Execution Manager Enterprise Group Marketing, Hewlett Packard Enterprise, Böblingen, personal interview over Skype for Business on the 27th of March 2018}
 }
 
 
 @misc{RalphB_Interview,
  author = {Beckmann, Ralph},
  date = {2018-02-20},
  title = {Blockchain Advisor Pointnext, Hewlett Packard Enterprise, Böblingen, informal conversation on 20th of February 2018 in Böblingen}
}

@misc{DanielKaltenbach_Interview,
  author = {Bernd Kammholz},
  date = {2018-04-13},
  title = {Cheif Technologist for the Automotive Industry Vertical, Hewlett Packard Enterprise, Böblingen, personal interview on 13th of April 2018 in Böblingen}
}