
@book{HevnerDesignResearchInformation2010,
  langid = {english},
  location = {{New York ; London}},
  title = {Design {{Research}} in {{Information Systems}}: {{Theory}} and {{Practice}}},
  isbn = {978-1-4419-5652-1 978-1-4419-5653-8},
  url = {http://www.springer.com/us/book/9781441956521},
  shorttitle = {Design Research in Information Systems},
  abstract = {The study of Information Systems (IS) design is an essential part of the education of IS students and professionals. The purpose of this book is to provide a thorough reference on Design Science Research (DSR), and it comes from two authors closely identified with DSR – Alan Hevner and Samir Chatterjee. As founders of the Design Science Research in Information Systems and Technology (DESRIST) annual conference, and as leading educators and researchers in the field, these authors, along with several invited contributors , are uniquely qualified to create this easy-to-read, easy-to-understand, and easy-to-apply text/reference. Suitable for graduate courses in IS, computer science, software engineering, engineering design and other design-oriented fields, it can be used as a core text or a reference for doctoral seminars in DSR. IS faculty and researchers will find much of value here as well. It requires no extensive background in design and can be appreciated by practitioners working in IS or technology design. Its 18 chapters are all individually referenced, and two appendices provide a reprint of the seminal 2004 MISQ paper by Hevner, March, Park, and Ram, as well as a list of exemplar papers in Design Science. The book provides a thorough introduction to DSR, a look at DSR in IS, examinations of DSR frameworks and design theory, and a look at the key principles of DSR in IS. Other chapters look at design for software-intensive systems, people and design, the past and present of software designs, evaluation methods, focus-group use, design creativity, and a design language for knowledge management systems. Later chapters explore integrating action research with design research, design science in management disciplines, a critical realist perspective of DSR in IS, a taxonomic look at design of emerging digital services, the dissemination of DSR, and, finally, a look at the future for DSR in IS.},
  pagetotal = {320},
  number = {v. 22},
  series = {Integrated series in information systems},
  publisher = {{Springer}},
  date = {2010},
  keywords = {Design science,Information technology,Design,Research},
  author = {Hevner, Alan R. and Chatterjee, Samir},
  file = {/Users/lisa/Zotero/storage/HFNTFMF7/Design Research in Information Systems Chapter 2.pdf},
  note = {OCLC: ocn471801169},
  annotation = {\section{Design as Research vs. Researching Design}

\emph{Design as Research} encompasses the idea that doing innovative design that results in clear contributions to the knowledge base constitutes research. Knowledge generated via design can take several forms including constructs, models, methods, and instantiations (March and Smith 1995). Design research projects are often performed in a specific application context and the resulting designs and design research contributions may be clearly influenced by the opportunities and constraints of the application domain. Additional research may be needed to generalize the research results to broader domains. P.15

\emph{Researching Design} shifts the focus to a study of designs, designers, and design processes. [...] Because of their focus on methods of designing, they have been able to articulate and follow the goal of generating domain-independent understand- ing of design processes, although their investigations have been focused largely in the fields of architecture, engineering, and product design.P.16

~

\section{Design Science}

Design science, as conceptualized by Simon (1996), supports a pragmatic research paradigm that calls for the creation of innovative artifacts to solve real-world problems. Thus, design science research combines a focus on the IT artifact with a high priority on relevance in the application domain. P.9

It is incumbent upon researchers in the Information Systems (IS) discipline to further knowledge that aids in the pro- ductive application of information technology to human organizations and their management and to develop and communicate "knowledge concerning both the management of information technology and the use of information technology for managerial and organizational purposes" (Zmud 1997). P.10

It seeks to create innovations that define the ideas, practices, technical capabilities, and prod- ucts through which the analysis, design, implementation, and use of information systems can be effectively and efficiently accomplished.P.11

Design science research attempts to focus human creativity into the design and construction of artifacts that have utility in application environments. P.13

Design Science Research Cycles

Design Science Research Questions/Checklist

\begin{enumerate}

\item 

What is the research question (design requirements)?

\item 

What is the artifact? How is the artifact represented?

\item 

What design processes (search heuristics) will be used to build the artifact?

\item 

How are the artifact and the design processes grounded by the knowledge base? What, if any, theories support the artifact design and the design process?

\item 

What evaluations are performed during the internal design cycles? What design improvements are identified during each design cycle?

\item 

How is the artifact introduced into the application environment and how is it field tested? What metrics are used to demonstrate artifact utility and improvement over previous artifacts?

\item 

What new knowledge is added to the knowledge base and in what form (e.g., peer-reviewed literature, meta-artifacts, new theory, new method)?

\item 

Has the research question been satisfactorily addressed?

\end{enumerate}

~

These questions are built on top of the seven Guidelines of design-science, which have been \emph{largely accepted as integral to top quality design science research.~ }P.19}
}

@article{PfeffersDesignScienceResearch2007,
  title = {Design {{Science Research Methodology}} for {{Information Systems Research}}.Pdf},
  volume = {24},
  doi = {10.2753/MIS0742-1222240302},
  abstract = {The paper motivates, presents, demonstrates in use, and evaluates a methodology for conducting design science (DS) research in information systems. DS is of importance in a discipline oriented to the creation of successful artifacts. Several IS researchers have pioneered DS research in IS, yet over the last 15 years little DS research has been done within the discipline. The lack of a methodology to serve as a commonly accepted framework for DS research and of a template for its presentation may have contributed to its slow adoption. The design science research methodology (DSRM) presented here incorporates principles, practices, and procedures required to carry out such research and meets three objectives: it is consistent with prior literature, it provides a nominal process model for doing DS research, and it provides a mental model for presenting and evaluating DS research in IS. The DS process includes six steps: problem identification and motivation, definition of the objectives for a solution, design and development, demonstration, evaluation, and communication. We demonstrate and evaluate the methodology by presenting four case studies in terms of the DSRM, including cases that present the design of a database to support health assessment methods, a software reuse measure, an Internet video telephony application, and an IS planning method. The designed methodology effectively satisfies the three objectives and has the potential to help aid the acceptance of DS research in the IS discipline.},
  number = {3},
  journaltitle = {Journal of Management Information Systems},
  date = {2007},
  pages = {45--78},
  keywords = {Design science,Design,design science research,design theory,methodology,mental model,process model,case study},
  author = {Pfeffers, Ken and Tuunanen, Tuure and Rothenberger, Marcus A. and Chatterjee, Samir},
  file = {/Users/lisa/Zotero/storage/XS5GR8W7/Design Science Research Methodology for Information Systems Research.pdf},
  annotation = {Aus dem 6 Step Process resultierende Ansätze:

A \textbf{problem-centered approach} is the basis of the nominal sequence, starting with activity one. Researchers might proceed in this sequence if the idea for the research resulted from observation of the problem or from suggested future resea\textbf{rch in a paper from a prior project. An} objective-centered solution, starting with activity two, could be triggered by an industry or research need that can be addressed by developing an artifact. A \textbf{design and development-centered approach} would start with activity three. It would result from the existence of an artifact that has not yet been formally thought through as a solution for the explicit problem domain in which it will be used. [...] Finally, a\textbf{ client/context initiated solution} may be based on observing a practical solution that worked; it starts with activity four, resulting in a DS solution if researchers work backwards to apply rigor to the process retroactively. This could be the by-product of a consulting experience.

Methodology: 6 Step Process

Synthesis of popular, widely-cited Design Science Research Papers (Nunamaker et al, Weber, Simon, Hevner, ...)

Activity 1. \textbf{Problem identification and motivation.} Define the specific research problem and justify the value of a solution. Since the problem definition will be used to develop an artifact that can effectively provide a solution, it may be useful to atomize the problem conceptually so that the solution can capture its complexity. Justifying the value of a solution accomplishes two things: it motivates the researcher and the audience of the research to pursue the solution and to accept the results and it helps to understand the reasoning associated with the researcher’s understanding of the problem. Resources required for this activity include knowledge of the state of the problem and the importance of its solution. P.12

Activity 2. \textbf{Define the objectives for a solution.} Infer the objectives of a solution from the problem definition and knowledge of what is possible and feasible. The objectives can be quantitative, e.g., terms in which a desirable solution would be better than current ones, or qualitative, e.g., a description of how a new artifact is expected to support solutions to problems not hitherto addressed. The objectives should be inferred rationally from the problem specification. Resources required for this include knowledge of the state of problems and current solutions, if any, and their efficacy. P.12

Activity 3. \textbf{Design and development.} Create the artifact. Such artifacts are potentially constructs, models, methods, or instantiations (each defined broadly) or new properties of technical, social, and/or informational resources. Conceptually, a design research artifact can be any designed object in which a research contribution is embedded in the design. This activity includes determining the artifact’s desired functionality and its architecture and then creating the actual artifact. Resources required moving from objectives to design and development include knowledge of theory that can be brought to bear in a solution. P.13

Activity 4. \textbf{Demonstration.} Demonstrate the use of the artifact to solve one or more instances of the problem. This could involve its use in experimentation, simulation, case study, proof, or other appropriate activity. Resources required for the demonstration include effective knowledge of how to use the artifact to solve the problem. P.13

Activity 5. \textbf{Evaluation}. Observe and measure how well the artifact supports a solution to the problem. This activity involves comparing the objectives of a solution to actual observed results from use of the artifact in the demonstration. It requires knowledge of relevant metrics and analysis techniques. Depending on the nature of the problem venue and the artifact, evaluation could take many forms. It could include such items as a comparison of the artifact’s functionality with the solution objectives from activity two above, objective quantitative performance measures, such as budgets or items produced, the results of satisfaction surveys, client feedback, or simulations. It could include quantifiable measures of system performance, such as response time or availability. Conceptually, such evaluation could include any appropriate empirical evidence or logical proof. At the end of this activity the researchers can decide whether to iterate back to step three to try to improve the effectiveness of the artifact or to continue on to communication and leave further improvement to subsequent projects. The nature of the research venue may dictate whether such iteration is feasible or not. P.13-14

Activity 6. \textbf{Communication}. Communicate the problem and its importance, the artifact, its utility and novelty, the rigor of its design, and its effectiveness to researchers and other relevant audiences, such as practicing professionals, when appropriate. In scholarly research publications, researchers might use the structure of this process to structure the paper, just as the nominal structure of an empirical research process (problem definition, literature review, hypothesis development, data collection, analysis, results, discussion, and conclusion) is a common structure for empirical research papers. Communication requires knowledge of the disciplinary culture.}
}

@misc{VaishnaviDesignScienceResearch,
  title = {Design {{Science Research}} in {{Information Systems}}},
  url = {http://www.desrist.org/design-research-in-information-systems/.},
  abstract = {First, we provide a general overview of design science research. This is followed by sections on design science research methodology, outputs of design science research that includes discussion of theory development within design science research. Next, we share the philosophical and epistemological underpinnings of design science research and contrast design science research in IS with traditional positivist and qualitative research in IS. Finally, we provide an extended discussion of a published example of design science research in IS. Through the example, we explain the phases of the design science research methodology: artifact design, construction, analysis and evaluation.},
  urldate = {2017-12-20},
  author = {Vaishnavi, V. and Kuechler, W. and Petter, S.},
  file = {/Users/lisa/Documents/Uni/Bachelorarbeit/Literatur/Design Science/design-science-research-in-information-systems.pdf},
  annotation = {Design Science Introduction

Design science research involves two primary activities to improve and understand the behavior of aspects of Information Systems: (1) the creation of new knowledge through design of novel or innovative artifacts (things or processes) and (2) the analysis of the artifact’s use and/or performance with reflection and abstraction. P.1

Design Science Research vs Design Science vs Routine Design

DR is a broad area spanning all design fields, but importantly, does not have the defining feature of DSR: learning through building artifacts. P.6

How is your research different from a design effort? Design science research is distinguished from routine design by the production of interesting (to a community) new and true knowledge. [...] Routine design is readily distinguished from design science research (within its community of interest) by the intellectual risk, which is the number of unknowns in the proposed design (missing knowledge. P.7

~

~

\section{Outputs of Design Science Research}

Alle 4 (\textbf{constructs, models, methods, instantiations}) von March und Smith, sowie noch eines von Rossi \& Sein 2003 sowie Purao 2013

-$>$ \textbf{design theories}

Additional abstract theories:

\textbf{frameworks, architectures, and design principles} as identified by various researchers (Purao, 2002; March and Smith, 1995; Gregor and Jones, 2007; Gregor and Hevner, 2013).

~}
}

@article{MarchDesignnaturalscience1995,
  title = {Design and Natural Science Research on Information Technology},
  volume = {15},
  issn = {0167-9236},
  url = {http://www.sciencedirect.com/science/article/pii/0167923694000412},
  doi = {10.1016/0167-9236(94)00041-2},
  abstract = {Research in IT must address the design tasks faced by practitioners. Real problems must be properly conceptualized and represented, appropriate techniques for their solution must be constructed, and solutions must be implemented and evaluated using appropriate criteria. If significant progress is to be made, IT research must also develop an understanding of how and why IT systems work or do not work. Such an understanding must tie together natural laws governing IT systems with natural laws governing the environments in which they operate. This paper presents a two dimensional framework for research in information technology. The first dimension is based on broad types of design and natural science research activities: build, evaluate, theorize, and justify. The second dimension is based on broad types of outputs produced by design research: representational constructs, models, methods, and instantiations. We argue that both design science and natural science activities are needed to insure that IT research is both relevant and effective.},
  number = {4},
  journaltitle = {Decision Support Systems},
  shortjournal = {Decision Support Systems},
  urldate = {2018-02-13},
  date = {1995-12-01},
  pages = {251--266},
  keywords = {Design science,Information system research,Information technology,Natural science},
  author = {March, Salvatore T. and Smith, Gerald F.},
  file = {/Users/lisa/Documents/Uni/Bachelorarbeit/Literatur/Design Science/Design and natural science research on information technology.pdf;/Users/lisa/Zotero/storage/VUV4G3KQ/0167923694000412.html},
  annotation = {\section{Definition von Technologie}

Technology is practical or useful, rather than being an end in itself. It is embodied, as in implements or artifacts, rather than being solely conceptual. It is an expression of intelligence, not a product of blind accident. Technology includes the many tools, techniques, materials, and sources of power that humans have developed to achieve their goals. Technologies are often developed in re- sponse to specific task requirements using practi- cal reasoning and experiential knowledge.

S. 252

~

\section{Design Science}

Design science attempts to create things that serve human purposes. It is technology-oriented. Its products are assessed against criteria of value or utility - does it work? is it an improvement? P.253

Rather than producing general theoretical knowledge, design scientists produce and apply knowledge of tasks or situations in order to create effective artifacts. P.253

Design science produces artifacts and artificial phenomena. P.254

~

Design Science performs two activities: Build \& Evaluate; P.254

~4 verschiedene Ergebnisse:\\
-Constructs

They constitute a conceptualization used to describe problems within the domain and to specify their solutions. They form the specialized language and shared knowledge of a discipline. P.256discipline. 

-Models

A set of propositions or statements expressing relationships among constructs. In design activities, models represent situations as problem and solution statements.[...]

A model can be viewed simply as a description, that is, as a representation of how things are. P.256-257

-Methods

a set of steps (an algorithm or guideline) used to perform a task. Methods are based on a set of underlying constructs (language) and a representation (model) of the solution space. P.257

-Instantiations

An instantiation is the realization of an artifact in its environment. IT research instantiates both specific information systems and tools that address various aspect of designing information systems. Instantiations operationalize constructs, models, and methods. Instantiations demonstrate the feasibility and effectiveness of the models and methods they contain.P.258

-$>$ The realization of the artifact in an environment. (kein Zitat)

Vorgehen/Matrix

Constructs, models, methods, and instantiations are each artifacts that address some task. Research activities related to these artifacts are: build, evaluate, theorize, and justify. Build and evaluate are design science research activities aimed at improving performance. Theorize and justify are natural science research activities aimed at extracting general knowledge by proposing and testing theories.

This four by four framework produces sixteen cells describing viable research efforts. Research can build, evaluate, theorize about, or justify theories about constructs, models, methods, or instantiations. Different cells have different objectives and different methods are appropriate in different cells. Research efforts often cover multiple cells. 

~}
}

@book{DavisManagementinformationsystems1985,
  langid = {english},
  location = {{New York}},
  title = {Management Information Systems: Conceptual Foundations, Structure, and Development},
  edition = {2nd ed},
  isbn = {978-0-07-015828-3},
  shorttitle = {Management Information Systems},
  pagetotal = {693},
  series = {McGraw-Hill series in management information systems},
  publisher = {{McGraw-Hill}},
  date = {1985},
  keywords = {Management information systems},
  author = {Davis, Gordon Bitter and Olson, Margrethe H.},
  annotation = {\section{Definition von Information}

Information is defined as

"data that has been processed into a form that is meaningful to the recipient and is of real or perceived value in current or prospective actions or decisions" [P. 200]

Nicht Wichtig! Kein Exemplar vorliegend, nur für 1 Zitat!}
}

@article{AlterconceptITartifact2015,
  langid = {english},
  title = {The Concept of ‘{{IT}} Artifact’ Has Outlived Its Usefulness and Should Be Retired Now},
  volume = {25},
  issn = {1350--1917},
  doi = {10.1111/isj.12048},
  abstract = {Vastly inconsistent definitions of the term “the IT artifact” in leading journals and conferences demonstrate why it no longer means anything in particular and should be retired from the active IS lexicon. Examples from the literature show why artifact-cousins, such as the IS artifact, sociotechnical artifact, social artifact, and ensemble artifact should be used with great care, if not retired as well. Any void created by these retirements could be filled through the following approaches: (i) relabeling with simple terms that are immediately understandable; (ii) adopting guide- lines for making sense of the whole X-artifact family; and (iii) sidestepping the IT artifact and focusing directly on IT-enabled work systems in organizations.},
  number = {1},
  journaltitle = {Info Systems Journal},
  date = {2015},
  pages = {47--60},
  author = {Alter, Steven},
  file = {/Users/lisa/Zotero/storage/T9TZRC8S/Alter_IT-Artefakt-Outliving.pdf.pdf},
  annotation = {\section{IT Artifact means nothing in particular anymore}

The concept of IT artifact has morphed from being an entity consisting of hardware and software into the application of such an entity and further to just about anything that an IS researcher might be interested in. P.49

Many different competing definitions of IT Artifact:

Given an artifact whose performance has been evaluated, it is important to determine why and how the artifact worked or did not work within its environment. Such research applies natural science methods to IT artifacts. .... Theorizing in IT research must explicate those characteristics of the IT artifact operating in its environment that make it unique to IT and require unique explanations. (March \& Smith, P. 259)

By and large, IT artifacts (bundles of material and cultural properties packaged in some socially recognisable form such as hardware and/or software.) continue to be under theorized. (Orlikowski \& Iacono (2001, p. 121) 

We conceptualize the IT artifact ... as the application of IT within a context to enable or support some task(s) embedded within a structure(s) that itself is embedded within a context(s).’ (Benbasat \& Zmud, 2003, p. 186)

We argue toward a more expansive view of the IT artifact to include any designed solution that solves a problem in con- text’ (Gregor \& Hevner, 2011, p. 4)

Lee et al. (2013, p. 1) took a different approach, saying ‘we “unpack” what has been called the “IT artifact” into a separate “information artifact” and “technology artifact” that, together with a “social artifact,” interact to form the “IS artifact.”’

His view:

The term IT artifact implies that whatever is being discussed is an instance of IT or fundamentally is about IT. P.50 It will represent progress in the academic IS discipline’s longstanding struggles with rigor, relevance and influence- The retirement will be a step towards greater rigor because it will discourage the use of terminology that has contradictory meanings and sometimes seems intentionally imprecise. It will encourage relevance by channeling effort towards more useful topics. P.59

Write down as is (already implicit)

- for some the IT artifact implies only technical artifacts, while for others it also includes social artifacts

~

~}
}

@article{BaskervilleDesignethnographyinformation2015,
  langid = {english},
  title = {Design Ethnography in Information Systems: {{Design}} Ethnography},
  volume = {25},
  issn = {13501917},
  url = {http://doi.wiley.com/10.1111/isj.12055},
  doi = {10/f6twn8},
  shorttitle = {Design Ethnography in Information Systems},
  abstract = {Until recently, most ethnographic research in information systems has been based on the traditional anthropological model of ethnography. In this tradi- tional model of ethnography, one of the most important data-gathering techniques is participant observation. The ethnographer observes and participates but does not actively seek to change the situation. In recent years, however, a new type of ethnographic research has emerged – one that can be called design ethnography. Design ethnography is where the researcher goes beyond observation and actively engages with people in the field. Our view is that design ethnography has much potential for research in information systems. It is a new form of engaged scholar- ship that bridges the gap between ethnographic research and design science research.},
  number = {1},
  journaltitle = {Information Systems Journal},
  urldate = {2018-02-14},
  date = {2015-01},
  pages = {23--46},
  author = {Baskerville, Richard L. and Myers, Michael D.},
  file = {/Users/lisa/Zotero/storage/3FNUY6Y8/Baskerville and Myers - 2015 - Design ethnography in information systems Design .pdf},
  annotation = {Nicht wirklich interessant

~

DSR has brought along new ways of conducting research for ethnographers -$>$ design ethnography}
}

@article{GregorPositioningpresentingdesign2013,
  title = {Positioning and Presenting Design Science Research for Maximum Impact.},
  volume = {37},
  abstract = {Design science research (DSR) has staked its rightful ground as an important and legitimate Information Systems (IS) research paradigm. We contend that DSR has yet to attain its full potential impact on the devel- opment and use of information systems due to gaps in the understanding and application of DSR concepts and methods. This essay aims to help researchers (1) appreciate the levels of artifact abstractions that may be DSR contributions, (2) identify appropriate ways of consuming and producing knowledge when they are preparing journal articles or other scholarly works, (3) understand and position the knowledge contributions of their research projects, and (4) structure a DSR article so that it emphasizes significant contributions to the knowl- edge base. Our focal contribution is the DSR knowledge contribution framework with two dimensions based on the existing state of knowledge in both the problem and solution domains for the research opportunity under study. In addition, we propose a DSR communication schema with similarities to more conventional publica- tion patterns, but which substitutes the description of the DSR artifact in place of a traditional results section. We evaluate the DSR contribution framework and the DSR communication schema via examinations of DSR exemplar publications.},
  number = {2},
  journaltitle = {MIS quarterly},
  date = {2013},
  pages = {337--355},
  author = {Gregor, Shirley and Hevner, Alan R.},
  file = {/Users/lisa/Zotero/storage/9KN5YGIG/Gregor and Hevner - 2013 - Positioning and presenting design science research.pdf},
  annotation = {Descriptive and prescriptive Knowledge

P.344

\section{Design Science}

We are of the view, as expressed in other branches of science, that contributions to knowledge could be partial theory, incomplete theory, or even some particularly interesting and perhaps surprising empirical generalization in the form of a new design artifact. [...]~ The type of theory that formalizes knowledge in DSR is termed design theory, the fifth of the five types of theory in Gregor’s taxonomy. This type of theory gives prescriptions for design and action: it says how to do something. We consider design theory to be prescriptive knowledge as opposed to descriptive knowledge, which encompasses the other types of theory in the Gregor taxonomy[...] There are many steps, however, on the road to theory development. Exhibit 1, discussed in more detail later, demonstrates one process of maturation in a body of knowledge and theory development, beginning with the development of a novel artifact. Knowledge then becomes more abstract and more general, and the web of knowledge becomes more comprehensive with clearer delimitation of boundaries. P.339

In addition to a knowledge contribution, effective DSR should make clear contributions to the real-world application environment from which the research problem or opportunity is draw. P.342

We have seen how the construction of an artifact and its description in terms of design principles and technological rules are steps in the process of developing more comprehensive bodies of knowledge or design theories.P.340

\section{IT Artifact}

In general, the term artifact is used in this paper to refer to a thing that has, or can be transformed into, a material existence as an artificially made object (e.g., model, instantiation) or process (e.g., method, software) P.340

A specific DSR research project can produce artifacts on one or more of these levels ranging from specific instantiations at Level 1 in the form of products and processes, to more general (i.e., abstract) contributions at Level 2 in the form of nascent design theory (e.g., constructs, design principles, models, methods, techno- logical rules), to well-developed design theories about the phenomena under study at Level 3. \\
We would still include the artifact or situated implementation (Level 1) as a knowledge contribution, even in the absence of abstraction or theorizing about its design principles or architecture because the artifact can be a research contribution in itself. Demonstration of a novel artifact can be a research contribution that embodies design ideas and theories yet to be articulated, formalized, and fully understood. P.340

~

~

Knowledge Contribution

P.345

~

Invention:

invention activities can still be considered DSR when the result is an artifact that can be applied and evaluated in a real-world context and when new knowledge is contributed to the Ω and/or Λ knowledge bases.P.345 Research contributions in this quadrant result in recognizably novel artifacts or inventions. In this category appear artifacts where the idea of the artifact itself is new. P.346~

~-$>$ Key contribution may also be the conceptualization of the problem itself

Knowledge flows in the invention quadrant are typically from prescriptive to descriptive. The new artifact is invented and then other researchers see it employed in use and begin to formulate descriptive knowledge about its use in context (in a different quadrant).

Improvement:

The goal of DSR in the improvement quadrant is to create better solutions in the form of more efficient and effective products, processes, services, technologies, or ideas. [...] Researchers will draw from a deep under- standing of the problem environment to build innovative artifacts as solutions to important problems.

DSR projects make contributions to the Λ knowledge base in the form of artifacts at one or more levels. P.346

~ Exaptation:

Contributions where design knowledge that already exists in one field is extended or refined so that it can be used in some new application area. P.347

The researcher needs to demonstrate that the extension of known design knowledge into a new field is nontrivial and interesting. The new field must present some particular challenges that were not present in the field in which the techniques have already been applied. In the exaptation quadrant, similarly to the improvement quadrant, DSR can make contributions to the Λ knowledge base in the form of artifacts at all three levels as appropriate to the research project goals. Ω-knowledge contributions may also be produced via a greater understanding of the new artifacts in use. P.347

Routine Design:

- No research, maybe new discoveries, but they would also be moved to another quadrant afterwards. Professional Design falls in this quadrant.

Is the application of existing knowledge to organizational problems, such as constructing a financial or marketing information system using “best practice” artifacts (constructs, models, methods, and instantiations) that exist in the knowledge base. P.348

~

It is important that the new knowledge is communicated!

~

Publication Schema

Cf. P. 349-352

1. Introduction Section with purpose and scope of the artifact (what is the system for?), the class of problems (McKenney and Keen 197) and the relevance of the research problem to real-world practice must be clearly stated. A simple example to show the artifact’s purpose (as in a simple use case) can help orient the reader to the following discussion.

-$>$ Show practical importance of the work, state the type of contribution that is being made (invention, exaptation, imporvement)

2. Literature Review Section: Prior work that is relevant to the study, including theories, empirical research studies and findings/reports from practice. For DSR work, the prior literature surveyed should include any prior design theory/knowledge relating to the class of problems to be addressed, including artifacts that have already been developed to solve similar problems.

3. Method Section: Explain the used Design Science approach -$>$ goal is ultimate rigor

4. Artifact Description Section:Description of the design artifact and, perhaps, the design search (development) process that led to the discovery of the artifact design.

5. Evaluation Section: The artifact is evaluated in terms of criteria that can include validity, utility, quality, and efficacy. Validity means that the artifact works and does what it is meant to do; that it is dependable in operational terms in achieving its goals. The utility criteria assesses whether the achievement of goals has value outside the development environment.

6. Discussion Section: Bem (2003) says that this section should go back to generalities as far as possible.[...] A claim must be reiterated for the novelty of the artifact or theory. It should be clear to the reader that bridging the “research gap” has been achieved via convincing evidence.

7. Conclusion: Concluding Paragraphs to restate the goal and important findings of the work.}
}

@article{HevnerDesignScienceResearch2004,
  langid = {english},
  title = {Design {{Science Research}} in {{Information Systems}}},
  volume = {28},
  abstract = {Two paradigms characterize much of the research in the Information Systems discipline: behavioral science and design science. The behavioral- science paradigm seeks to develop and verify theories that explain or predict human or organi- zational behavior. The design-science paradigm seeks to extend the boundaries of human and organizational capabilities by creating new and innovative artifacts. Both paradigms are founda- tional to the IS discipline, positioned as it is at the confluence of people, organizations, and techno- logy. Our objective is to describe the performance of design-science research in Information Sys- tems via a concise conceptual framework and clear guidelines for understanding, executing, and evaluating the research. In the design-science paradigm, knowledge and understanding of a problem domain and its solution are achieved in the building and application of the designed arti- fact. Three recent exemplars in the research literature are used to demonstrate the application of these guidelines. We conclude with an analysis of the challenges of performing high-quality design-science research in the context of the broader IS community.},
  number = {1},
  journaltitle = {Management Information Systems Quarterly},
  date = {2004-03},
  pages = {75--105},
  author = {Hevner, Alan R. and March, Salvatore J. and Park, J. and Ram, S.},
  file = {/Users/lisa/Zotero/storage/4YTHXGAB/Hevner_Design Science in ISR.pdf},
  annotation = {7 Guidelines for complete design science research

Picture P.83

1. Design as an Artifact: the result of DSR is a purposeful IT artifact created to address an important organizational problem P.82

2. Problem Relevance:

 Objective of IS Research is to acquire knowledge and understanding that enable the development and implementation of technology-based solutions to heretofore unsolved and important business problems. P.83 Research must address the problems faced and the opportunities afforded by the interaction of people, organizations, and information technology. P.85

3.Design Evaluation

The utility, quality, and efficacy of a design artifact must be rigorously demonstrated via well- executed evaluation methods. Crucial component of the research process. The business environment establishes the requirements upon which the evaluation of the artifact is based. [...]~ evaluation includes the integration of the artifact within the technical infrastructure of the business environment. IT artifacts can be evaluated in terms of functionality, completeness, consistency, accu- racy, performance, reliability, usability, fit with the organization, and other relevant quality attributes. The evaluation phase provides essential feedback to the construction phase as to the quality of the design process and the design product under development. A design artifact is complete and effective when it satisfies the requirements and constraints of the problem it was meant to solve.P.85 The goodness and efficacy of an artifact can be rigorously demonstrated via well-selected evaluation methods(see other note). P.86 Evaluation should include an assessment of the artifact's style. P.86

4. Research Contributions

Effective design-science research must provide clear contributions in the areas of the design artifact, design construction knowledge (i.e., foun- dations), and/or design evaluation knowledge 

Hevner et al identify three types of research contributions: The Design Artifact, Foundations(extend and improve the existing foundations in the design-science knowledge base) and Methodologies(creative development and use of evaluation methods (e.g., experimental, analytical, observational, testing, and descriptive) and new evaluation metrics). Cf. p.87

The contribution can be assessed on the basis of representational fidelity and implemenrability. Cf. p.87

Artifacts must accurately represent the business and technology environments used in the research, information systems themselves being models of the business. These artifacts must be ìimplementable,î hence the importance of instan- tiating design science artifacts.P.87

~5. Research Rigor

The way in which research is conducted. Design-science research requires the application of rigorous methods in both the construction and evaluation of the designed artifact. 

 rigor = mathematical formalism to describe the specified and constructed artifact.~

= with respect to the construction activity, rigor must be assessed with respect to the applicability and generalizability of the artifact. Again, an overemphasis on rigor can lessen relevance.P.88

must be both rigorous and relevant.

determine HOW WELL the artifact works, not why

6. Design as a Search Process

Iterative Process

Abstraction and representation of appropriate means, ends, and laws are crucial components of design-science research.[...] Means are the set of actions and resources available to construct a solution. Ends represent goals and constraints on the solution. Laws are uncontrollable forces in the environment.P.88

They can be represented mathematically and if posed appropriately, analysed using standard operations research techniques. But it may not be possible to determine, let alone explicitly describe, the relevant means, ends, or laws (Vessey and Glass 1998). Even when it is possible to do so, the sheer size and complexity of the solution space will often render the problem computationally infeasible.P.89

7. Communication of Research

Presented to both technology-oriented and management-oriented audiences. [...] The emphasis must be on the importance of the problem and the novelty and effectiveness of the solution approach realized in the artifact. While we agree with this statement, we note that it may be necessary to describe the artifact in some detail to enable managers to appreciate its nature and understand its application.P.90

~

~

~

~

Design Science

~

Design is both a process (set of activities) and a product (artifact [...] A problem- solving paradigm that continuously shifts perspective between design processes and designed artifacts for the same complex problem. The design process is a sequence of expert activities that produces an innovative product. P.77

The goal of design- science research is utility. As argued above, our position is that truth and utility are inseparable. Truth informs design and utility informs theory. P.80

knowledge and understanding of a design problem and its solution are acquired in the building and application of an artifact. P.82

It focuses on creating and evaluating innovative IT artifacts that enable organizations to address important information-related tasks. P.90

Evaluation Methods

P.86

IT Artifact

The resultant IT artifacts extend the boundaries of human problem solving and organizational capabilities by pro- viding intellectual as well as computational tools. P.76

IT artifacts are broadly defined as constructs (vocabulary and symbols), models (abstractions and representations), methods (algorithms and practices), and instantiations (implemented and prototype systems). P.77

~

An IT Artifact is purposeful and innovative P.82

~

~

Objective of Information Systems Researchers

It is incumbent upon researchers in the Information Systems (IS) discipline to ìfurther knowledge that aids in the productive application of information technology to human organizations and their management. (ISR 2002, inside front cover) and to develop and communicate ìknowl- edge concerning both the management of information technology and the use of information technology for managerial and organizational purposes. (Zmud 1997). P.76

Information systems research lies at the intersection of people, organizations, and technology (Silver et al. 1995)P.98}
}

@article{KemererEditorialNotes2002,
  langid = {english},
  title = {Editorial {{Notes}}},
  volume = {13},
  doi = {10.1287/isre.13.4.0.73},
  number = {4},
  journaltitle = {Information Systems Journal},
  shortjournal = {INFORMS},
  date = {2002-12},
  pages = {iii--iv},
  author = {Kemerer, Chris},
  annotation = {Für's Zitat}
}

@article{LeeGoingbackbasics2015,
  langid = {english},
  title = {Going Back to Basics in Design Science: From the Information Technology Artifact to the Information Systems Artifact: {{From}} the {{IT}} Artifact to the {{IS}} Artifact},
  volume = {25},
  issn = {13501917},
  url = {http://doi.wiley.com/10.1111/isj.12054},
  doi = {10/f6twfw},
  shorttitle = {Going Back to Basics in Design Science},
  abstract = {The concept of the ‘information technology (IT) artifact’ plays a central role in the information systems (IS) research community’s discourse on design science. We pose the alternative concept of the ‘IS artifact’, unpacking what has been called the IT artifact into a separate ‘information artifact’, ‘technology artifact’ and ‘social artifact’. Technology artifacts (such as hardware and software), informa- tion artifacts (such as a message) and social artifacts (such as a charitable act) are different kinds of artifacts that together interact in order to form the IS artifact. We illustrate the knowledge value of the IS artifact concept with material from three cases. The result is to restore the idea that the study of design in IS needs to attend to the design of the entire IS artifact, not just the IT artifact. This result encourages an expansion in the use of design science research methodology to study broader kinds of artifacts.},
  number = {1},
  journaltitle = {Information Systems Journal},
  urldate = {2018-02-14},
  date = {2015-01},
  pages = {5--21},
  author = {Lee, Allen S. and Thomas, Manoj and Baskerville, Richard L.},
  file = {/Users/lisa/Zotero/storage/CLPW447W/Lee_LeeBaskerville_DesignScienceBasics.pdf},
  annotation = {IT Artifact or IS Artifact

Our purpose is to distinguish the concept of the ‘IS artifact’ in the IS research community’s discourse on design science. P.5

~purpose is to expand the capability of design science methods in IS (and rebalance the focus of our academic discipline) by enabling researchers, instead of focusing on the design of an IT, an information technology, to return to the original IS focus: the design of an IS, an information system. As important as an IT artifact can be, it is just part of an IS; it is not the entire IS. P.6

we conceptualize ‘IS artifact’ so that it refers to a system, itself consisting of subsystems that are (1) a technology artifact, (2) an information artifact and (3) a social artifact. P.6

technology artifact to be a human-created tool whose raison d’être is to be used to solve a problem, achieve a goal or serve a purpose that is human defined, human perceived or human felt.P.8

an information artifact is an instantiation of information, where the instantiation occurs through a human act either directly (as could happen through a person’s verbal or writ- ten statement of a fact) or indirectly (as could happen through a person’s running of a computer program to produce a quarterly report).P.8

social artifact as an artifact that consists of, or incorporates, relationships or interactions between or among individuals through which an individual attempts to solve one of his or her problems, achieve one of his or her goals or serve one of his or her purposes.P.9

An IS artifact is itself a system, in which the whole (the IS artifact) is greater than the sum of its parts (the IT artifact, the social artifact and the information artifact), where the constituents are not separate, but interactive, as are any subsystems that form a larger system.P.9}
}

@article{Denningnewsocialcontract1997,
  langid = {english},
  title = {A New Social Contract for Research},
  volume = {40},
  doi = {10.1145/253671.253755},
  number = {2},
  journaltitle = {Communications of the ACM},
  shortjournal = {CACM},
  date = {1997-02},
  pages = {132--134},
  author = {Denning, Peter J.},
  annotation = {Zitat zu Innovation, genutzt von Hevner et al

New tools enable the new practices, producing an innovation; the most successful are those that enable people to produce their own innovations in their own environments. Research consists of evaluating and testing alter- native ways of building a tool or defining its function, and of determining what market needs will be met. It places a great deal of emphasis on eco- nomic advantage.P.133-134}
}

@article{NunamakerSystemsdevelopmentInformation1991,
  title = {Systems Development in {{Information Systems}} Research},
  volume = {7},
  number = {3},
  journaltitle = {Journal of Management Information Systems},
  date = {1991},
  pages = {89--106},
  author = {Nunamaker, J. and Chen, M. and Purdin, T. D. M.},
  file = {/Users/lisa/Zotero/storage/7DUTA3PQ/JMIS systems development in IS research.pdf},
  annotation = {Towards Research

Research distributions can result from systems development, experimentation, observation and performance testing of the systems under development and that all of these research approaches are needed to investigate different aspects of the research question.~ P. 86

~

P.94}
}

@article{WeberEditorCommentsStill2003,
  langid = {english},
  title = {Editor's {{Comments}}: {{Still Desperately Seeking}} the {{IT Artifact}}},
  volume = {27},
  number = {2},
  journaltitle = {Management Information Systems Quarterly},
  shortjournal = {MISQ},
  date = {2003-06},
  pages = {iii--xi},
  author = {Weber, Ron},
  file = {/Users/lisa/Zotero/storage/4TLLAEYY/edcommentsv27n2.pdf},
  annotation = {To Guideline 1: Citation 

Write down as is, already implicit: 

The search for an effective problem representation is crucial to finding an effective design solution P.viii

~

~}
}

@article{ZmudEditorComments1997,
  langid = {english},
  title = {Editor's {{Comments}}},
  volume = {21},
  number = {2},
  journaltitle = {Management Information Systems Quarterly},
  shortjournal = {MISQ},
  date = {1997},
  pages = {iii--v},
  author = {Zmud, B.},
  file = {/Users/lisa/Zotero/storage/J8XU7VYX/212.2_edcommentsv21i2.pdf},
  annotation = {Communication of Research

Presentation of design-science research for a managerial audience requires an emphasis not on the inherent nature of the artifact itself, but on the knowledge required to effectively apply the artifact within specific contexts for individual or organizational gain. P.iv

-$>$ 

emphasis must be on the importance of the problem and the novelty and effectiveness of the solution approach realized in the artifact.}
}

@incollection{ThomasBekannteundweniger2014,
  langid = {german},
  location = {{Berlin, Heidelberg}},
  title = {Bekannte und weniger bekannte Wege zu praxisrelevanter Forschung in der Wirtschaftsinformatik},
  isbn = {978-3-642-54410-1 978-3-642-54411-8},
  url = {http://link.springer.com/10.1007/978-3-642-54411-8_9},
  booktitle = {Wirtschaftsinformatik in Wissenschaft und Praxis},
  series = {Business Engineering},
  publisher = {{Springer Gabler}},
  urldate = {2018-02-15},
  date = {2014},
  pages = {129--139},
  author = {Thomas, Hess and Christian, Matt and Konrad, Hilbers},
  editor = {Brenner, Walter and Hess, Thomas},
  file = {/Users/lisa/Zotero/storage/DAGGJTVV/Bekannte und weniger bekannte Wege zu praxisrelevanter Forschung in der Wirtschaftsinformatik.pdf},
  doi = {10.1007/978-3-642-54411-8_9},
  annotation = {\textbf{Annotations for Design Science, why relevant for practice, why ISR}

"Nach unserem Verständnis beschreibt Praxisrelevanz (Synonym: Realitätsrelevanz) den Umfang, inwieweit Forschungsergebnisse relevant für die reale Welt sind und deren Entstehung und Ergebnisse akzeptiert werden. Praxisrelevanz ist ein typisches Ziel angewandter Wissenschaften." (\href{zotero://open-pdf/0_DAGGJTVV/1}{Thomas et al 2014:129})

"Die Wirtschaftsinformatik (vgl. WKWI und GI FB WI, 2011) versteht sich als angewandte Wissenschaft und strebt daher - keineswegs aber ausschließlich und mehr als das Information Systems Research des angelsächsischen Sprachraums - nach Praxisrelevanz." (\href{zotero://open-pdf/0_DAGGJTVV/1}{Thomas et al 2014:129})

"Gestaltungsorientierte Forschung will ein Artefakt in die Welt bringen, das vorher unbekannt war bzw. nicht in der Form existierte. In der Wirtschaftsinformatik kann ein derartiges Artefakt ein Anwendungssystem, eine darauf aufbauende ökonomische Lösung, eine Methode zur Entwicklung von Anwendungssystemen oder zum Management der betrieblichen Nutzung der Informationsoder Kommunikationstechnik sein. Entscheidend ist, dass das Artefakt die Welt verbessert und in diesem Sinne normativ ist. Als wichtige Prinzipen gestaltungsorientierter Forschung gelten die Originalität des entwickelten Artefakts, dessen Anwendbarkeit auf eine ganze Klasse von Problemen und dessen nachvollziehbare Begründung und Validierung (Österle et al., 2010)." (\href{zotero://open-pdf/0_DAGGJTVV/2}{Thomas et al 2014:130})

\emph{Zitat für Einsetzung in den Kontext ISR und Forschungsmethodik\\
h[ (\href{zotero://open-pdf/0_DAGGJTVV/2}{note on p.130})}

~

"Betont wird dabei immer wieder die Anforderung, sowohl wissenschaftlicher Stringenz („Rigor") als auch praktischer Bedeutsamkeit („Relevance") Genüge zu tun (vgl. Fig. 1). Die Qualität des Ergebnisses bemisst sich in der Regel allein an der Nützlichkeit zu einer Zielerreichung des Artefakts. Mitunter wird gestaltungsorientierter Forschung mangelnde wissenschaftliche Stringenz vorgeworfen, insbesondere das Fehlen valider Evaluationsmechanismen. Hinzu kommen teilweise Zweifel an der Generalisierbarkeit der Ergebnisse, d.h. dass die Resultate zwar für den aktuellen Fall hilfreich sind, aber nicht unbedingt darüber hinaus anwendbar sind." (\href{zotero://open-pdf/0_DAGGJTVV/2}{Thomas et al 2014:130})}
}

@book{MayringQualitativeContentAnalysis2014,
  location = {{Klagenfurt, Austria}},
  title = {Qualitative {{Content Analysis}}: {{Theoretical Foundation}}, {{Basic Procedures}} and {{Software Solution}}},
  date = {2014},
  author = {Mayring, Philipp},
  file = {/Users/lisa/Zotero/storage/C4QIHWVK/ssoar-2014-mayring-Qualitative_content_analysis_th.pdf},
  annotation = {7 Step Process of Mayring

~

P.15

\textbf{Extracted Annotations (15.2.2018, 14:08:29)}

"the Qualitative Content Analysis is a mixed methods approach: assignment of categories to text as qualitative step, working through many text passages and analysis of frequencies of categories as quantitative step." (\href{zotero://open-pdf/0_C4QIHWVK/10}{Mayring :10})

"Step 1: Concrete research question (relevance to praxis; eventually hypotheses; formulation and explication of the researcher's standpoint)" (\href{zotero://open-pdf/0_C4QIHWVK/10}{Mayring :10})\\
- The questions have to be "specified, expressed in a real question, not only a topic" (\href{zotero://open-pdf/0_C4QIHWVK/10}{Mayring :10})\\
- "A clear research question enables one to base the research process on praxis problems and makes the research praxis relevant" (\href{zotero://open-pdf/0_C4QIHWVK/10}{Mayring :10})

"Step 2: Linking research question to theory (state of the art, theoretical approach, preconceptions for interpretations)" (\href{zotero://open-pdf/0_C4QIHWVK/11}{Mayring :11})

"Step 3: Definition of the research design (explorative, descriptive, relational, causal, mixed)" (\href{zotero://open-pdf/0_C4QIHWVK/11}{Mayring :11})

"Step 4: Defining of the (even small) sample or material and the sampling strategy" (\href{zotero://open-pdf/0_C4QIHWVK/12}{Mayring :12})\\
"In any case, a sampling strategy has to be developed. Random sampling is only one of those strategies (even sometimes relevant in Qualitative Content Analysis, e.g. newspaper analysis); cluster samples, stratified samples, grouped in respect of theoretical considerations, or stepwise explorative sampling in the form of "Theoretical Sampling" (Glaser \& Strauss, 1967) are possible procedures." (\href{zotero://open-pdf/0_C4QIHWVK/12}{Mayring :12}) -$>$ Sampling Strategy: Expert Interviews, choose Experts from the field that could benefit of blockchain

"Step 5: Methods of data collection and analysis, pilot tested" (\href{zotero://open-pdf/0_C4QIHWVK/13}{Mayring :13})\\
"In Qualitative Content Analysis the category systems are developed inductively out of the concrete material or deductively put together individually for the specific study" (\href{zotero://open-pdf/0_C4QIHWVK/13}{Mayring :13})

"Step 6: Processing of the study, presentation of results in respect to the research question" (\href{zotero://open-pdf/0_C4QIHWVK/13}{Mayring :13})

"Step 7: Discussion in respect to quality criteria" (\href{zotero://open-pdf/0_C4QIHWVK/14}{Mayring :14})

\subsubsection{Why this one and not a quantitative analysis:}

"3.1.5 Basic Techniques of Quantitative Content Analyses

It is \textbf{frequency analyses} and techniques derived from them that should be mentioned primarily here. The simplest method of a content-analytical procedure is to count certain elements in the material and compare them in their frequency with the occurrence of other elements" (\href{zotero://open-pdf/0_C4QIHWVK/22}{Mayring :22})\\
"\textbf{valence and intensity analyses}. Generally speaking these are content-analytical procedures which accord a value to certain textual components on an assessment scale of two or more gradations." (\href{zotero://open-pdf/0_C4QIHWVK/26}{Mayring :26})\\
"\textbf{contingency analyses}. The development of such techniques goes back mostly to Charles Osgood (Osgood, 1959). The objective here is to establish whether particular text elements (e.g. central concepts) occur with particular frequency in the same context, whether they are connected with one another in any way in the text, i.e. whether they are contingent. The intention is that by discovering many such contingencies one may extract from the material a structure of text elements associated with one another." (\href{zotero://open-pdf/0_C4QIHWVK/27}{Mayring :27})

\subsubsection{Transcription:}

"For all studies which are producing their text material themselves (interview, focus group, open questionnaire or observation) it is important to decide for transcription rules. There are different models (cf. Howitt, 2010, chapter 6), handling dialect, verbal and nonverbal characteristics through special signs (see chapter 4.3). It is crucial to decide for a system of transcription and to employ it constantly. The text analysis can only refer to the transcripts, and transcripts are never complete representations of their raw material." (\href{zotero://open-pdf/0_C4QIHWVK/44}{Mayring :44}) -$>$ Comprehensive Protocol is the best transcription rule for my case

"Comprehensive protocol: If the material is not too ambiguous, not too open to interpretations, and if we are interested only in the content, a comprehensive protocol might be sufficient. The material is on hand in textual (documents) or audio-recorded (interview) form. The researcher reads or hears the language, stops in regular periods and sums up the main content writing it down or speaking it into a microphone." (\href{zotero://open-pdf/0_C4QIHWVK/46}{Mayring :46})

\subsubsection{Rules for conducting the analysis:}

"S1: Paraphrasing\\
S1.1 Cut all the text components which are not content-bearing or only minimally so, such as embellishing, repetitive, or explanatory expressions.\\
S1.2 Transpose the content-bearing parts of the text on to a uniform stylistic level.\\
S1.3 Transform them into a grammatically abbreviated form.

S2: Generalization to the required level of abstraction\\
S2.1 Generalize the referents of the paraphrases to the defined level of abstraction, so that the old referents are implied in the newly formulated ones.\\
S2.2 Generalize the sentence kernels (predicates) in the same way.\\
S2.3 Leave those paraphrases standing which are above the intended level of abstraction.\\
S2.4 In cases of doubt make use of theoretical preconceptions.

S3: First reduction\\
S3.1 Cut semantically identical paraphrases within units of evaluation.\\
S3.2 Cut paraphrases which are not felt to add substantially to the content on the new level of abstraction.\\
S3.3 Adopt the paraphrases which continue to be thought of as vitally content-bearing (selection).\\
S3.4 Resolve cases of doubt with the aid of theoretical preconceptions.

S4: Second reduction \\
S4.1 Combine paraphrases with identical or similar referents and similar statements to form one paraphrase (binding). \\
S4.2 Combine paraphrases with several statements on the same referent into one (construction/integration). \\
S4.3 Combine paraphrases with identical or similar referents and differing statements into one paraphrase (construction/integration). \\
S4.4 Resolve cases of doubt with the aid of theoretical preconceptions." (\href{zotero://open-pdf/0_C4QIHWVK/69}{Mayring :69})

"In comparison to those text analytical approaches the Qualitative Content Analysis seems to be the broadest (describing a wide set of different procedures) and most exact one (prescribing clear step by-step models and analytical rules). So Steigleder (2008) after a praxis test of qualitative content analysis comes to the conclusion, that "it has proven its worth in many studies. With its different techniques of analysis and its methodological concept it is excellently adapted to analyze qualitatively collected material" (Steigleder, 2008, p. 197)." (\href{zotero://open-pdf/0_C4QIHWVK/124}{Mayring :124})

Summary steps

P.68

The basic principle of a summarizing content analysis is then that the level of abstraction of the summary should be exactly determined in each case, so that the macro-operators can be used to transform the material precisely to that level. This level of abstraction can now be generalized upon gradually; the summary becomes increasingly abstract.

Put everything in a table basically and reduce the content. 

Vorgehen deutsch

Regeln:

Z1: Paraphrasierung 

\begin{enumerate}

\item 

Z1.1: ~Streiche alle nicht (oder wenig) inhaltstragenden Textbestandteile wie ausschmücken- de, wiederholende, verdeutlichende Wendungen! 

\item 

Z1.2: ~Übersetze die inhaltstragenden Textstellen auf eine einheitliche Sprachebene! 

\item 

Z1.3: ~Transformiere sie auf eine grammatikalische Kurzform! 

\end{enumerate}

Z2: Generalisierung auf das Abstraktionsniveau 

\begin{enumerate}

\item 

Z2.1: ~Generalisiere die Gegenstände der Paraphrasen auf die definierte Abstraktionsebene, sodass die alten Gegenstände in den neu formulierten impliziert sind! 

\item 

Z2.2: ~Generalisiere die Satzaussagen (Prädikate) auf die gleiche Weise! 

\item 

Z2.3: ~Belasse die Paraphrasen, die über dem angestrebten Abstraktionsniveau liegen! 

\item 

Z2.4: ~Nimm theoretische Vorannahmen bei Zweifelsfällen zu Hilfe! 

\end{enumerate}

Z3: Erste Reduktion 

\begin{enumerate}

\item 

Z3.1: ~Streiche bedeutungsgleiche Paraphrasen innerhalb der Auswertungseinheiten! 

\item 

Z3.2: ~Streiche Paraphrasen, die auf dem neuen Abstraktionsniveau nicht als wesentlich 

inhaltstragend erachtet werden! 

\item 

Z3.3: ~Übernehme die Paraphrasen, die weiterhin als zentral inhaltstragend erachtet werden 

(Selektion)! 

\item 

Z3.4: ~Nimm theoretische Vorannahmen bei Zweifelsfällen zu Hilfe! 

\end{enumerate}

Z4: Zweite Reduktion 

\begin{enumerate}

\item 

Z4.1: ~Fasse Paraphrasen mit gleichem (ähnlichem) Gegenstand und ähnlicher Aussage zu einer Paraphrase (Bündelung) zusammen! 

\item 

Z4.2: ~Fasse Paraphrasen mit mehreren Aussagen zu einem Gegenstand zusammen (Konstruktion/Integration)! 

\item 

Z4.3: ~Fasse Paraphrasen mit gleichem (ähnlichem) Gegenstand und verschiedener Aussage zu einer Paraphrase zusammen (Konstruktion/Integration)!

Z4.4 Nimm theoretische Vorannahmen bei Zweifelsfällen zu Hilfe! 

\end{enumerate}

\begin{itemize}

\item \emph{Vorgehen vereinfacht deutsch\\
}

\end{itemize}

Festlegung des Materials: Welches Material wird analysiert? Z.B. nur relevante Interviewabschnitte.

Analyse der Entstehungssituation: Wie ist die Situation zu kenn­zeichnen? Z.B. Auflistung anwesender Personen oder Betrachtung des soziokulturellen Rahmens.

Formale Charakterisierung des Materials: In welcher Form liegt das Material vor? Z.B. als wörtliche Transkription.

Richtung der Analyse: Worauf soll sich der Interpretationsfokus richten? Z.B. eher kognitive oder eher emotionale Aspekte be­trachten.

Theoriegeleitete Differenzierung der Fragestellung: Nach welcher Forschungsfrage wird das Material untersucht?

Bestimmung der Analysetechnik: Welches Verfahren soll bei der Materialanalyse eingesetzt werden? Z.B. Zusammenfassung, Explikation oder Strukturierung (s.u.).

Definition der Analyseeinheit: Welche Kriterien werden bei der Auswahl und Kategorisierung von Textabschnitten angelegt? Dabei legt die Kodiereinheit den kleinsten und die Kontexteinheit den größten Materialbestandteil fest, welche noch in eine Kategorie fallen. Schließlich bestimmt die Auswertungseinheit die Abfolge bei der Bearbeitung der Textabschnitte (Flick, 2002, S. 280).

Analyse des Materials: eigentlicher Analysevorgang, bei dem eine oder mehrere der drei verfügbaren Techniken angewendet wird.

Interpretation, um abschließend in Richtung der Hauptfragestellung die einzelnen Fälle zu generalisieren.}
}

@book{SteiglederstrukturierendequalitativeInhaltsanalyse2008,
  langid = {german},
  location = {{Marburg}},
  title = {Die strukturierende qualitative Inhaltsanalyse im Praxistest: eine konstruktiv kritische Studie zur Auswertungsmethodik von Philipp Mayring},
  isbn = {978-3-8288-9603-1},
  shorttitle = {Die strukturierende qualitative Inhaltsanalyse im Praxistest},
  pagetotal = {211},
  publisher = {{Tectum-Verlag}},
  date = {2008},
  author = {Steigleder, Sandra},
  editora = {Mayring, Philipp},
  editoratype = {collaborator},
  file = {/Users/lisa/Zotero/storage/9KNW3ZIB/Steigleder - 2008 - Die strukturierende qualitative Inhaltsanalyse im .pdf},
  note = {OCLC: 254540040},
  annotation = {Why Qualitative Content Analysis was chosen;

In comparison to those text analytical approaches the Qualitative Content Analysis seems to be the broadest (describing a wide set of different procedures) and most exact one (prescribing clear step- by-step models and analytical rules). So Steigleder (2008) after a praxis test of qualitative content analysis comes to the conclusion, that “it has proven its worth in many studies. With its different techniques of analysis and its methodological concept it is excellently adapted to analyze qualitatively collected material” (Steigleder, 2008, p. 197).}
}

@book{Simonsciencesartificial1996,
  langid = {english},
  location = {{Cambridge, Mass.}},
  title = {The Sciences of the Artificial},
  edition = {3. ed.},
  isbn = {978-0-585-36010-2},
  pagetotal = {231},
  publisher = {{MIT Press}},
  date = {1996},
  author = {Simon, Herbert Alexander},
  file = {/Users/lisa/Zotero/storage/H4LLWT8I/Simon_Herbert_A_The_Sciences_of_the_Artificial_3rd_ed.pdf},
  note = {OCLC: 552080160},
  annotation = {\textbf{Artifact\\
}

"1. Artificial things are synthesized (though not always or usually with full forethought) by human beings.\\
2. Artificial things may imitate appearances in natural things while lacking, in latter.\\
3. Artificial things can be characterized in terms of functions, goals, adaptation.\\
4. Artificial things are often discussed, particularly when they are being well as descriptives." (\href{zotero://open-pdf/0_H4LLWT8I/17}{Simon 2008:17}) P.5

"An artifact can be thought of as a meeting point an "interface" in today's terms between an "inner" environment, the substance and organization of the artifact itself, and an "outer" environment, the surroundings in which it operates. If the inner environment is appropriate to the outer environment, or vice versa, the artifact will serve its intended purpose." (\href{zotero://open-pdf/0_H4LLWT8I/18}{Simon 2008:18}) P.6}
}

@article{BenbasatEmpiricalresearchinformation1999,
  langid = {english},
  title = {Empirical Research in Information Systems: The Practice of Relevance},
  volume = {23},
  doi = {10.2307/249403},
  shorttitle = {Empirical Research in Information Systems},
  abstract = {This commentary discusses why most IS academic research today lacks relevance to practice and suggests tactics, procedures, and guidelines that the IS academic community might follow in their research efforts and articles to introduce relevance to practitioners. The commentary begins by defining what is meant by relevancy in the context of academic research. It then explains why there is a lack of attention to relevance within the IS scholarly literature. Next, actions that can be taken to make relevance a more central aspect of IS research and to communicate implications of IS research more effectively to IS professionals are suggested.},
  number = {1},
  journaltitle = {Management Information Systems Quarterly},
  shortjournal = {MISQ},
  date = {1999},
  pages = {3--16},
  author = {Benbasat, Izak and Zmud, Robert W.},
  file = {/Users/lisa/Zotero/storage/ST23Q8K8/BenbasatZmud-1999-MISQ-EmpiricalResearchInIS_ThePracticeOfRelevance.pdf},
  annotation = {\textbf{Citations about Relevance and recommendations\\
}

"Relevancy is not assured, however, through the selection of a "relevant" topic. Unless an article's implications are implementable, i,e,, prescribed in a manner that could be put to use (to some extent) in practice to exploit an opportunity or to resolve a problem, practitioners are unlikely to characterize it as being of interest." (\href{zotero://open-pdf/0_ST23Q8K8/3}{Benbasat and Zmud 1999:5})

"Just as important as, if not more important than, an article's content is its style and tone. Stated simply, articles that are not read, regardless of their content, are not relevant." (\href{zotero://open-pdf/0_ST23Q8K8/3}{Benbasat and Zmud 1999:5})

"Relevancy does not imply that research needs to be carried out in a less rigorous fashion." (\href{zotero://open-pdf/0_ST23Q8K8/3}{Benbasat and Zmud 1999:5})

\textbf{Major Problem:}\\
"An Emphasis on Rigor Over Relevance" (\href{zotero://open-pdf/0_ST23Q8K8/3}{Benbasat and Zmud 1999:5})

"Recommendation 1: The foremost criterion to be applied in selecting research topics should be directly related to the future interest that key stakeholders (journals, colleagues, and practitioners) are likely to hold in a topic." (\href{zotero://open-pdf/0_ST23Q8K8/6}{Benbasat and Zmud 1999:8})

"Recommendation 2: IS researchers should look to practice to identify research topics and look to the IS literature only after a commitment has been made to a specific topic." (\href{zotero://open-pdf/0_ST23Q8K8/6}{Benbasat and Zmud 1999:8})

"Recommendation 7: In order for IS research to be more relevant, IS academics should portray the outputs of their research in ways such that it might be utilized by practitioners to justify and rationalize IT-related initiatives." (\href{zotero://open-pdf/0_ST23Q8K8/9}{Benbasat and Zmud 1999:11})

"Recommendation 8: The vast majority of IS research articles should be crafted in a clear, simple, and concise manner such that they are accessible by alt the potential readership of a journal." (\href{zotero://open-pdf/0_ST23Q8K8/10}{Benbasat and Zmud 1999:12})

"Clearly, a strong symbiotic relationship exists between practice and research. Theories and models are judged on their predictive power for guiding practitioners, the quality of theories are enhanced by testing and revising them with data from the world of practice" (\href{zotero://open-pdf/0_ST23Q8K8/11}{Benbasat and Zmud 1999:13})

Dimensions of Relevance

How to attain Relevance}
}

@collection{OsterleGestaltungsorientierteWirtschaftsinformatikPladoyer2010,
  langid = {german},
  location = {{Nürnberg}},
  title = {Gestaltungsorientierte Wirtschaftsinformatik: ein Plädoyer für Rigor und Relevanz},
  isbn = {978-3-00-030310-4},
  shorttitle = {Gestaltungsorientierte Wirtschaftsinformatik},
  pagetotal = {53},
  publisher = {{Infowerk}},
  date = {2010},
  editor = {Österle, Hubert and Winter, Robert and Brenner, Walter},
  file = {/Users/lisa/Zotero/storage/G8F667QJ/ATTD05CN.pdf},
  note = {OCLC: 705795057},
  annotation = {\textbf{Generelle Infos zu Wirtschaftsinformatik\\
}

"Erkenntnisgegenstand der Wirtschaftsinformatik sind Informationssysteme in Wirtschaft und Gesellschaft, sowohl von Organisationen als auch von Individuen. Als soziotechnische Systeme bestehen sie aus Menschen (personellen Aufgabenträgern), Informationsund Kommunikationstechnik (maschinellen Aufgabenträ- gern) und Organisation (Funktionen, Geschäftsprozessen, Strukturen und Management) sowie den Beziehungen zwischen diesen drei Objekttypen." (\href{zotero://open-pdf/0_G8F667QJ/11}{Österle et al 2010:11})

"Ergebnistypen der gestaltungsorientierten Wirtschaftsinformatik sind Konstrukte (Konzepte, Terminologien, Sprachen), Modelle, Methoden und Instanzen (Implementierung konkreter Lösungen als Prototypen oder produktive Informationssysteme)." (\href{zotero://open-pdf/0_G8F667QJ/12}{Österle et al 2010:12})

"Typische Forschungsmethoden in der Analysephase (Exploration) sind Umfragen, Fallstudien, Tiefeninterviews mit Experten, Analyse von Informationssystemen (z. B. Datenbanken) und Fallstudien." (\href{zotero://open-pdf/0_G8F667QJ/13}{Österle et al 2010:13})}
}

@article{PapalambrosDesignScienceWhy2015,
  langid = {english},
  title = {Design {{Science}}: {{Why}}, {{What}} and {{How}}},
  volume = {1},
  issn = {2053-4701},
  url = {http://www.journals.cambridge.org/abstract_S2053470115000013},
  doi = {10.1017/dsj.2015.1},
  shorttitle = {Design {{Science}}},
  number = {1},
  journaltitle = {Design Science},
  urldate = {2018-02-16},
  date = {2015-07},
  pages = {38},
  author = {Papalambros, Panos Y.},
  file = {/Users/lisa/Zotero/storage/THLX2I99/2015-Design-Science-Why-What-and-How.pdf},
  annotation = {\textbf{Design Science Definition\\
}

"Design science studies the creation of artifacts and their embedding in our physical, psychological, economic, social and virtual environments. Good design improves our lives through innovative, sustainable products and services, creates value, and reduces or eliminates the negative unintended consequences of technology deployment." (\href{zotero://open-pdf/0_THLX2I99/2}{Papalambros 2015:39}) P.1}
}

@article{TiwariMethodologySelectionRequirement2017,
  title = {A {{Methodology}} for the {{Selection}} of {{Requirement Elicitation Techniques}}},
  journaltitle = {arXiv preprint arXiv:1709.08481},
  date = {2017},
  author = {Tiwari, Saurabh and Rathore, Santosh Singh},
  file = {/Users/lisa/Zotero/storage/LW9CIBKP/1709.08481.pdf},
  annotation = {Purpose RE

"Requirement elicitation is a process of determining the problems and needs of the customer, so that software developers can construct a system that actually resolve customer problems and address their needs" (\href{zotero://open-pdf/0_LW9CIBKP/2}{Tiwari and Rathore 2017:2})

\textbf{Tools RE\\
}

"Interview is a method of identifying facts and opinions of users and other stakeholders of the system under development by face to face conversation. There are two different kinds of interviews: The closed interview, where the requirements elector has a pre-defined set of questions and is looking for their answers. The open interview, where the requirements engineer and stakeholders discuss in an open-ended way to find out their expectation from a system." (\href{zotero://open-pdf/0_LW9CIBKP/2}{Tiwari and Rathore 2017:2})

"Questionnaire" (\href{zotero://open-pdf/0_LW9CIBKP/2}{Tiwari and Rathore 2017:2})

"Survey" (\href{zotero://open-pdf/0_LW9CIBKP/2}{Tiwari and Rathore 2017:2})

"2) Collaborative Techniques: Focus Group" (\href{zotero://open-pdf/0_LW9CIBKP/2}{Tiwari and Rathore 2017:2})

"Prototyping" (\href{zotero://open-pdf/0_LW9CIBKP/2}{Tiwari and Rathore 2017:2})

"Models" (\href{zotero://open-pdf/0_LW9CIBKP/2}{Tiwari and Rathore 2017:2})

"Use cases/Scenarios" (\href{zotero://open-pdf/0_LW9CIBKP/2}{Tiwari and Rathore 2017:2})

"3) Cognitive Techniques: Document Analysis" (\href{zotero://open-pdf/0_LW9CIBKP/3}{Tiwari and Rathore 2017:3})

"Protocol analysis" (\href{zotero://open-pdf/0_LW9CIBKP/3}{Tiwari and Rathore 2017:3})

"4) Observational Techniques: Observation" (\href{zotero://open-pdf/0_LW9CIBKP/3}{Tiwari and Rathore 2017:3})

"Ethnography/Social analysis" (\href{zotero://open-pdf/0_LW9CIBKP/3}{Tiwari and Rathore 2017:3})}
}

@article{ZhangEffectiverequirementsdevelopmentA2007,
  title = {Effective Requirements Development-{{A}} Comparison of Requirements Elicitation Techniques},
  journaltitle = {Software Quality Management XV: Software Quality in the Knowledge Society, E. Berki, J. Nummenmaa, I. Sunley, M. Ross and G. Staples (Ed.) British Computer Society},
  date = {2007},
  pages = {225--240},
  author = {Zhang, Zheying},
  file = {/Users/lisa/Zotero/storage/C29XB8RF/Effective_Requirements_Development-A_Comparison_of.pdf},
  annotation = {Matrix of method selection

Methods for RE

~

"The \textbf{conversational method} provides a means of verbal communication between two or more people. Because conversation is a natural way to express needs and ideas, and ask and answer questions, it is effective to develop and understand the problems and to elicit generic product requirements." (\href{zotero://open-pdf/0_C29XB8RF/2}{Zhang 2007:226})

"Analyst discusses the desired product with different groups of people and builds up an understanding of their requirements. If the interview is conducted with pre-defined agenda and questions, it is called structured interview; otherwise, it is an open-ended interview." (\href{zotero://open-pdf/0_C29XB8RF/2}{Zhang 2007:226})

"Because verbal communication is practical and efficient to collect non-tacit knowledge [21], conversational methods form the primary approach to non-tacit requirements elicitation." (\href{zotero://open-pdf/0_C29XB8RF/3}{Zhang 2007:227})

"\textbf{Observational methods}" (\href{zotero://open-pdf/0_C29XB8RF/3}{Zhang 2007:227})

"The observational method provides a means to develop a rich understanding of the application domain by observing human activities."\\
"Social analysis, Observation, Ethnographic study" (\href{zotero://open-pdf/0_C29XB8RF/3}{Zhang 2007:227})\\
"Protocol analysis" (\href{zotero://open-pdf/0_C29XB8RF/3}{Zhang 2007:227})

"\textbf{Analytic methods}" (\href{zotero://open-pdf/0_C29XB8RF/3}{Zhang 2007:227})

"By using the conversational methods or the observational methods, requirements are directly extracted from people' behavior and their verbalized thought." (\href{zotero://open-pdf/0_C29XB8RF/3}{Zhang 2007:227})\\
"Requirement reuse" (\href{zotero://open-pdf/0_C29XB8RF/3}{Zhang 2007:227})\\
"Documentation studies /content analysis" (\href{zotero://open-pdf/0_C29XB8RF/3}{Zhang 2007:227})\\
"Card sorting" (\href{zotero://open-pdf/0_C29XB8RF/4}{Zhang 2007:228})

"Instead of combination of individual methods, the \textbf{synthetic method} forms a coherent whole by systematically combining conversation, observation, and analysis into single methods." (\href{zotero://open-pdf/0_C29XB8RF/4}{Zhang 2007:228})\\
"Scenarios" (\href{zotero://open-pdf/0_C29XB8RF/4}{Zhang 2007:228})\\
"Prototyping" (\href{zotero://open-pdf/0_C29XB8RF/4}{Zhang 2007:228})\\
"JAD/RAD sessions" (\href{zotero://open-pdf/0_C29XB8RF/4}{Zhang 2007:228}) "Joint Application Development/Rapid Application Development and emphasizes user involvement through group sessions with unbiased facilitator." (\href{zotero://open-pdf/0_C29XB8RF/4}{Zhang 2007:228})

Requirements development process

From Kotonya and Sommerville: There are four phases: elicitation, analysis, specification, validation

~

"The requirements development processes, therefore, vary widely depending on the people involved. In order to acquire quality requirements from different people, a large number of methods exit." (\href{zotero://open-pdf/0_C29XB8RF/1}{Zhang 2007:225})

"Requirements development, therefore, is an iterative and incremental process, in which eliciting requirement from various sources is the most challenging activity, and shall be performed in a proactive manner." (\href{zotero://open-pdf/0_C29XB8RF/2}{Zhang 2007:226})

"Requirements elicitation is a critical step in the requirements development process. It is consequently imperative that requirements engineers apply appropriate methods to perform the process sufficiently." (\href{zotero://open-pdf/0_C29XB8RF/8}{Zhang 2007:232})}
}

@incollection{ZowghiRequirementselicitationsurvey2005,
  langid = {english},
  location = {{Berlin, Heidelberg}},
  title = {Requirements Elicitation: {{A}} Survey of Techniques, Approaches, and Tools},
  isbn = {978-3-540-28244-0},
  shorttitle = {Requirements Elicitation},
  abstract = {Requirements elicitation is the process of seeking, uncovering, acquir- ing, and elaborating requirements for computer based systems. It is generally un- derstood that requirements are elicited rather than just captured or collected. This implies there are discovery, emergence, and development elements to the elicita- tion process. Requirements elicitation is a complex process involving many ac- tivities with a variety of available techniques, approaches, and tools for perform- ing them. The relative strengths and weaknesses of these determine when each is appropriate depending on the context and situation. The objectives of this chapter are to present a comprehensive survey of important aspects of the techniques, ap- proaches, and tools for requirements elicitation, and examine the current issues, trends, and challenges faced by researchers and practitioners in this field.},
  booktitle = {Engineering and Managing Software Requirements},
  publisher = {{Springer}},
  date = {2005},
  pages = {19--46},
  author = {Zowghi, Didar and Coulin, Chad},
  file = {/Users/lisa/Zotero/storage/EWPWH4QX/2005003295.pdf},
  annotation = {\textbf{Methods requirement elicitation\\
}

"Interviews [1, 32] are probably the most traditional and commonly used technique for requirements elicitation." (\href{zotero://open-pdf/0_EWPWH4QX/7}{Zowghi and Coulin 2005:25})

"There are fundamentally three types of interviews being unstructured, structured, and semi-structured, the latter generally representing a combination of the former two." (\href{zotero://open-pdf/0_EWPWH4QX/7}{Zowghi and Coulin 2005:25})

"It is also a common problem with unstructured interviews to focus in too much detail on some areas, and not enough in others" (\href{zotero://open-pdf/0_EWPWH4QX/7}{Zowghi and Coulin 2005:25})

"Structured interviews are conducted using a predetermined set of questions to gather specific information. The success of structured interviews depends on knowing what are the right questions to ask, when should they be asked, and who" (\href{zotero://open-pdf/0_EWPWH4QX/7}{Zowghi and Coulin 2005:25})

"should answer them." (\href{zotero://open-pdf/0_EWPWH4QX/8}{Zowghi and Coulin 2005:26})

"Questionnaires" (\href{zotero://open-pdf/0_EWPWH4QX/8}{Zowghi and Coulin 2005:26})

"Task Analysis" (\href{zotero://open-pdf/0_EWPWH4QX/8}{Zowghi and Coulin 2005:26})

"Domain Analysis" (\href{zotero://open-pdf/0_EWPWH4QX/8}{Zowghi and Coulin 2005:26})

"Brainstorming" (\href{zotero://open-pdf/0_EWPWH4QX/10}{Zowghi and Coulin 2005:28})

"Joint Application Development (JAD)" (\href{zotero://open-pdf/0_EWPWH4QX/10}{Zowghi and Coulin 2005:28})

"Observation" (\href{zotero://open-pdf/0_EWPWH4QX/11}{Zowghi and Coulin 2005:29})

"Protocol Analysis" (\href{zotero://open-pdf/0_EWPWH4QX/11}{Zowghi and Coulin 2005:29})

"Scenarios" (\href{zotero://open-pdf/0_EWPWH4QX/13}{Zowghi and Coulin 2005:31})

"Likewise some techniques and approaches are more appropriate for specific elicitation activities and the types of information that needs to be acquired during those activities." (\href{zotero://open-pdf/0_EWPWH4QX/14}{Zowghi and Coulin 2005:32})

"Apart from interviews, domain analysis, and groupwork, which are generic and flexible enough to provide support for all the listed elicitation activities, goal, scenario, and viewpoint based approaches can also be used extensively throughout the process." (\href{zotero://open-pdf/0_EWPWH4QX/15}{Zowghi and Coulin 2005:33})

"The process of requirements elicitation, including the selection of which techniques, approach, or tool to use when eliciting requirements, is dependant on a large number of factors including the type of system being developed, the stage of the project, and the application domain to name only a few. Because of the relative strengths and weaknesses of the available methods and the type of information they provide, the reality is that in almost all projects a combination of several different techniques will be necessary to achieve a successful outcome." (\href{zotero://open-pdf/0_EWPWH4QX/24}{Zowghi and Coulin 2005:42})

"However from the range of existing techniques, variations of interviews, group workshops, observation, goals, and scenarios are still the most widely used and successful in practice." (\href{zotero://open-pdf/0_EWPWH4QX/24}{Zowghi and Coulin 2005:42})

Purpose of requirements elicitation

~

"The elicitation of requirements represents an early but continuous and critical stage in the development of software systems." (\href{zotero://open-pdf/0_EWPWH4QX/1}{Zowghi and Coulin 2005:19})

"Because of the communication rich nature of requirements elicitation activities, many of the effective techniques do not originate from the traditional areas of software engineering or computer science research. Techniques for requirements elicitation are derived mostly from the social sciences, organizational theory, group dynamics, knowledge engineering, and very often from practical experience." (\href{zotero://open-pdf/0_EWPWH4QX/1}{Zowghi and Coulin 2005:19})

"Requirements elicitation is all about learning and understanding the needs of users and project sponsors with the ultimate aim of communicating these needs to the system developers. A substantial part of elicitation is dedicated to uncovering, extracting, and surfacing the wants of the potential stakeholders." (\href{zotero://open-pdf/0_EWPWH4QX/3}{Zowghi and Coulin 2005:21})}
}

@book{GauseExploringrequirementsquality1989,
  langid = {english},
  title = {Exploring Requirements: Quality before Design},
  shorttitle = {Exploring Requirements},
  pagetotal = {10},
  publisher = {{Dorset House New York}},
  date = {1989},
  author = {Gause, Donald C. and Weinberg, Gerald M.},
  file = {/Users/lisa/Zotero/storage/QNT2NIFB/Gause_-_Context-Free_Questions.pdf},
  annotation = {Context free questions are questions that can be asked about everything, for every project -$>$ help to get overall information

Context-free questions are particularly useful with people who have broad knowl- edge of the present product or future requirements. P.10}
}

@inproceedings{HickeyElicitationtechniqueselection2003,
  langid = {english},
  location = {{Monterey Bay, USA}},
  title = {Elicitation Technique Selection: How Do Experts Do It?},
  isbn = {0-7695-1980-6},
  doi = {10.1109/ICRE.2003.1232748},
  shorttitle = {Elicitation Technique Selection},
  abstract = {Requirements elicitation techniques are methods used by analysts to determine the needs of customers and users, so that systems can be built with a high probability of satisfying those needs. Analysts with extensive experience seem to be more successful than less experienced analysts in uncovering the user needs. Less experienced analysts often select a technique based on one of two reasons: (a) it is the only one they know, or (b) they think that a technique that worked well last time must surely be appropriate this time. This paper presents the results of in-depth interviews with some of the world's most experienced analysts. These results demonstrate how they select elicitation techniques based on a variety of situational assessments.},
  eventtitle = {Requirements {{Engineering}}},
  booktitle = {Requirements Engineering Conference, 2003. Proceedings. 11th Ieee International},
  publisher = {{IEEE}},
  date = {2003},
  pages = {169--178},
  author = {Hickey, Ann M. and Davis, Alan M.},
  file = {/Users/lisa/Zotero/storage/8UQGWH8W/Hickey_Davis.pdf},
  annotation = {\textbf{Extracted Annotations (16.2.2018, 16:48:52)}

"consensus exists that one elicitation technique cannot work for all situations" (\href{zotero://open-pdf/0_8UQGWH8W/1}{Hickey and Davis 2003:169})

"Requirements elicitation is the means by which analysts determine the problems and needs of customers, so that system development personnel can construct a system that actually resolves those problems and addresses customers' needs." (\href{zotero://open-pdf/0_8UQGWH8W/2}{Hickey and Davis 2003:170})

"It is also performed in a wide variety of ways, e.g., interviewing [33], collaborative workshops [34], prototyping [7, 35], modeling [10, 21, 22, 36], and observation" (\href{zotero://open-pdf/0_8UQGWH8W/2}{Hickey and Davis 2003:170})

"Interviewing. One expert interviews to gather initial background information when working on new projects in new domains." (\href{zotero://open-pdf/0_8UQGWH8W/4}{Hickey and Davis 2003:172})

"In general, it appears that interviews are widely used, but primarily to surface new information, or to uncover conflicts or politics." (\href{zotero://open-pdf/0_8UQGWH8W/4}{Hickey and Davis 2003:172})

"Ethnography" (\href{zotero://open-pdf/0_8UQGWH8W/5}{Hickey and Davis 2003:173})

"Models" (\href{zotero://open-pdf/0_8UQGWH8W/5}{Hickey and Davis 2003:173})

"Questionnaires." (\href{zotero://open-pdf/0_8UQGWH8W/5}{Hickey and Davis 2003:173})

"Prototyping" (\href{zotero://open-pdf/0_8UQGWH8W/6}{Hickey and Davis 2003:174})

~}
}

@inproceedings{MacaulayRequirementscapturecooperative1993,
  langid = {english},
  title = {Requirements Capture as a Cooperative Activity},
  isbn = {0-8186-3120-1},
  abstract = {There is an increasing recognition that software
development is not merely a mathematical or technological challenge, but a complex social process, in which the kind of communication and cooperative interaction between the participants determines the quality of the collaboratively developed product. The purpose of this paper is to examine the social process at the earliest stages of software development, that of scoping and capturing requirements.
The paper considers some of the problems that can arise when insufficient attention is paid to the social process and considers alternative team structures which have been suggested. A cooperative requirements capture method called USTM is presented, in which the social process is explicitly managed through use of a human facilitator and which provides a structured approach to the management of the requirements capture task. The cooperative approach is illustrated using a case study from the Electricity Distribution Industry within the U.K.},
  booktitle = {Requirements {{Engineering}}, 1993., {{Proceedings}} of {{IEEE International Symposium}} On},
  publisher = {{IEEE}},
  date = {1993},
  pages = {174--181},
  author = {Macaulay, Linda},
  file = {/Users/lisa/Zotero/storage/ME2CTJ4B/Macaulay_Reuqirements Capture.pdf},
  annotation = {\textbf{How to elicit requirements from users:\\
}

"Firstly, the most traditional approach is to think of the systems analyst as responsible for 'eliciting' requirements from users. This is usually achieved through the use of interviewing techniques, where the user plays a relatively 'passive' role. Recent research programmes have reinforced this approach" (\href{zotero://open-pdf/0_ME2CTJ4B/1}{Macaulay 1993:174})}
}

@inproceedings{GoguenTechniquesrequirementelicitation1993,
  langid = {english},
  location = {{San Diego, USA}},
  title = {Techniques for Requirement Elicitation},
  isbn = {0-8186-3120-1},
  doi = {10.1109/ISRE.1993.324822},
  eventtitle = {Requirements {{Engineering}}},
  booktitle = {Proceedings of {{International Symposium}} on {{Requirements Engineering}}},
  publisher = {{IEEE}},
  date = {1993},
  pages = {152--164},
  author = {Goguen, Joseph A. and Linde, Charlotte},
  editorb = {Fickas, Stephen and Finkelstein, Anthony},
  editorbtype = {redactor},
  file = {/Users/lisa/Zotero/storage/IVBAN8Z8/rqelit.pdf},
  annotation = {Methods to elicit requirements

~

Interviews Cf. P. 3

Open ended interview -$>$

the interviewer sets a question but allows the subject to respond as they wish. The interviewer may probe for more detail but does not set the terms of the interview P. 4

~

Danger: Interviewer and interviewee do not share the same category system -$>$ they are unfamiliar with the other's values, assumptions and concerns Cf. P.5

~

Protocol Analysis

Discourse Analysis

~

-$>$ A combination my be useful because all have different strengths Cf. P. 12

One might use questionnaires or interviews to explore what problems members see as most important, how members place themselves in various classification schemes, etc. P. 12

\textbf{Objective Requirements Engineering}

Find out what the stakeholder really needs P. 1

~

~

~

~}
}

@book{BognerInterviewsmitExperten2014,
  langid = {german},
  location = {{Wiesbaden}},
  title = {Interviews mit Experten},
  isbn = {978-3-531-19415-8 978-3-531-19416-5},
  url = {http://link.springer.com/10.1007/978-3-531-19416-5},
  publisher = {{Springer Fachmedien Wiesbaden}},
  urldate = {2018-02-19},
  date = {2014},
  author = {Bogner, Alexander and Littig, Beate and Menz, Wolfgang},
  file = {/Users/lisa/Zotero/storage/V9EFAHPY/Interwievs mit Experten.pdf},
  doi = {10.1007/978-3-531-19416-5},
  annotation = {\textbf{Experte Definition\\
}

"Experten lassen sich als Personen verstehen, die sich - ausgehend von einem spezifischen Praxisoder Erfahrungswissen, das sich auf einen klar begrenzbaren Problemkreis bezieht - die Möglichkeit geschaffen haben, mit ihren Deutungen das konkrete Handlungsfeld sinnhaft und handlungsleitend für Andere zu strukturieren." (\href{zotero://open-pdf/0_V9EFAHPY/19}{Bogner et al 2014:19})

"Allgemein gesprochen, dienen (nicht nur Experten-)Interviews immer dazu, „Wissen" der Befragten zu erheben" (\href{zotero://open-pdf/0_V9EFAHPY/22}{Bogner et al 2014:22})

~

~

~

Leitfäden Inhalt

~

"Solche Leitfäden haben eine doppelte Funktion: Sie dienen der Strukturierung des Themenfeldes der Untersuchung sowie als konkretes Hilfsmittel in der Erhebungssituation." (\href{zotero://open-pdf/0_V9EFAHPY/31}{Bogner et al 2014:31})

"Entsprechend variiert auch die Länge der eingesetzten Leitfäden. Die Detaillierung des Leitfadens hängt außerdem vom persönlichen Forschungsund Interview-Stil ab:" (\href{zotero://open-pdf/0_V9EFAHPY/32}{Bogner et al 2014:32})

"Anders als in der quantitativen Sozialforschung, wo eine Standardisierung der Fragen (verstanden als „Reize", auf die der Befragte „reagiert") zwingend ist, müssen in qualitativen Interviews nicht in allen Gesprächen absolut identische Fragen gestellt werden, um eine Vergleichbarkeit zwischen den Interviews herzustellen. Wichtig ist es, die Befragten gleichermaßen „zum Reden zu bringen" hinsichtlich der forschungsrelevanten Fragestellungen" (\href{zotero://open-pdf/0_V9EFAHPY/32}{Bogner et al 2014:32})

weitere Literatur: "Fontana und Frey 1998" (\href{zotero://open-pdf/0_V9EFAHPY/33}{Bogner et al 2014:33})

Varianten von Experteninterviews

~

\textbf{explorative} Interviews = übernehmen eine felderschließende, ergänzende Funktion, wenn sie nicht das zentrale Erhebungsinstrument darstellen P. 27

"Das Ziel explorativer Experteninterviews besteht in einer ersten Orientierung im Feld, in einer Schärfung des wissenschaftlichen Problembewusstseins und in der Hypothesengenerierung. In dieser Funktion kommen Experteninterviews sehr häufig zum Einsatz" (\href{zotero://open-pdf/0_V9EFAHPY/28}{Bogner et al 2014:28})

"Explorative Experteninterviews sind häufig „informatorische Interviews": Sie zielen darauf, Informationen über das Umfeld unseres Untersuchungsbereichs zu sammeln. Uns interessiert also „technisches Wissen" oder „Prozesswissen", das wir als (vorläufige, erste) Fakten interpretieren." (\href{zotero://open-pdf/0_V9EFAHPY/28}{Bogner et al 2014:28})

"Explorative Experteninterviews werden in der Regel möglichst offen geführt. Es geht uns nicht darum, bestimmte Informationslücken gezielt zu schließen, sondern wir möchten zunächst einmal eine breite Palette von Informationen und Wissen erhalten, um uns zu orientieren, um weitere Zugänge zu erhalten usw. Auf Vergleichbarkeit, Vollständigkeit und Standardisierbarkeit der Daten wird in diesem Fall wenig Wert gelegt. Ziel ist eine allgemeine Sondierung im empirischen Feld." (\href{zotero://open-pdf/0_V9EFAHPY/29}{Bogner et al 2014:29})

\textbf{fundierende} Interviews

"Hier nimmt das Experteninterview eine zentrale Stellung im Forschungsdesign ein: Wichtige Erklärungen, Begründungen und Zusammenhänge des Forschungsvorhabens werden unter Rückgriff auf Experteninterviews wissenschaftlich erarbeitet." (\href{zotero://open-pdf/0_V9EFAHPY/27}{Bogner et al 2014:27})

~

"Erkenntnisziel \textbf{systematisierender Experteninterviews} liegt in der möglichst weitgehenden und umfassenden Erhebung des Sachwissens der Experten bezüglich des Forschungsthemas. Das Interview dient der systematischen Informationsgewinnung, und die Funktion des Experten liegt darin, „Ratgeber" zu sein:" (\href{zotero://open-pdf/0_V9EFAHPY/29}{Bogner et al 2014:29})

"\textbf{Theoriegenerierenden Experteninterview} steht die „subjektive Dimension" des Expertenwissens im Mittelpunkt: Handlungsorientierungen, implizite Entscheidungsmaximen, handlungsanleitende Wahrnehmungsmuster, Weltbilder, Routinen usw." (\href{zotero://open-pdf/0_V9EFAHPY/30}{Bogner et al 2014:30})

"Bei \textbf{Experteninterviews} im Rahmen der qualitativen Sozialforschung handelt es sich stets um teilstrukturierte Interviews, und zwar ganz unabhängig von ihrer Stellung im Forschungsprozess" (\href{zotero://open-pdf/0_V9EFAHPY/31}{Bogner et al 2014:31})

~

Vorgehen beim Interview

1. Fragen finden

"Zunächst werden sämtliche Forschungsfragen und -hypothesen, über die wir bereits verfügen (auf Basis von Vorüberlegungen, des Forschungsantrags, Masterarbeitsoder Dissertationsexposees, von Literaturauswertungen usw.), zusammengestellt, beispielsweise in Form eines Mindmappings." (\href{zotero://open-pdf/0_V9EFAHPY/36}{Bogner et al 2014:36})

2. Gruppierung

"Gruppierung Die ausgewählten Fragen werden nun sortiert und in größere Themenblöcke zusammengefasst. Für jeden Themenblock werden Oberbegriffe oder Leitfragen formuliert, denen wiederum abhängige Themen und Fragen zugeordnet werden." (\href{zotero://open-pdf/0_V9EFAHPY/37}{Bogner et al 2014:37})

3. "Entwurf von Leitfadenfragen" (\href{zotero://open-pdf/0_V9EFAHPY/37}{Bogner et al 2014:37})

4. "Differenzierung von Fragetypen" (\href{zotero://open-pdf/0_V9EFAHPY/38}{Bogner et al 2014:38})

5. "Sampling" (\href{zotero://open-pdf/0_V9EFAHPY/38}{Bogner et al 2014:38})

"die (gezielte) Auswahl der zu befragenden Personen, orientiert sich in erster Linie an der (den) Forschungsfrage(n)" (\href{zotero://open-pdf/0_V9EFAHPY/38}{Bogner et al 2014:38})

"Das Sampling setzt eine umfassende Auseinandersetzung mit dem Feld voraus, um keine wichtigen Personen auszulassen." (\href{zotero://open-pdf/0_V9EFAHPY/39}{Bogner et al 2014:39})

6. Inhaltsanalyse

"Wenn es um Informationsgewinnung geht, ist die qualitative Inhaltsanalyse das Auswertungsverfahren der Wahl." (\href{zotero://open-pdf/0_V9EFAHPY/74}{Bogner et al 2014:74})

"Die Inhaltsanalyse fokussiert auf Informationen, das heißt, das Wissen der Experten wird als eine Ansammlung von Informationen konzeptualisiert." (\href{zotero://open-pdf/0_V9EFAHPY/74}{Bogner et al 2014:74})

~

~

"Die konkrete Erhebungssituation lässt sich nie genau vorherplanen; das Interviewen bleibt immer auch eine „art of science" ( ), also eine Art Kunstfertigkeit, die sich nie vollständig durch methodische Regeln vorbestimmen und erlernen lässt." (\href{zotero://open-pdf/0_V9EFAHPY/33}{Bogner et al 2014:33})}
}

@collection{BuberQualitativeMarktforschungKonzepte2007,
  langid = {german},
  location = {{Wiesbaden}},
  title = {Qualitative Marktforschung: Konzepte - Methoden - Analysen},
  edition = {1. Aufl},
  isbn = {978-3-8349-0229-0},
  shorttitle = {Qualitative Marktforschung},
  pagetotal = {1152},
  publisher = {{Gabler}},
  date = {2007},
  editor = {Buber, Renate and Holzmüller, Hartmut H.},
  file = {/Users/lisa/Zotero/storage/4BBD6F4E/Buber and Holzmüller - 2007 - Qualitative Marktforschung Konzepte - Methoden - .pdf},
  note = {OCLC: 180153906},
  annotation = {Experteninterviews

"Mayring (2002, 66f) nimmt in seiner Begriffsbestimmung qualitativer Interviewformen Bezug auf drei Kriterien: den Freiheitsgrad des/der Befragten, den Freiheitsgrad des Interviewers/der Interviewerin und die Auswertung des Materials. So bezieht sich das offene (im Unterschied zum geschlossenen) Interview auf die Freiheitsgrade des/der Befragten. Er/sie kann ohne Vorgaben frei antworten, frei formulieren, und erwähnen, was ihm/ihr in Bezug auf das Thema bedeutsam ist. Das unstrukturierte (vs. strukturierte) bzw. unstandardisierte (vs. standardisierte) Interview bezieht sich auf die Freiheitsgrade des Interviewers bzw. der Interviewerin. Er/sie hat keinen starren Fragenkatalog und kann Fragen und Themen je nach Interviewsituation frei formulieren. Das qualitative (vs. quantitative) Interview bezieht sich auf die Auswertung des Interviewmaterials, die mit qualitativ-interpretativen Techniken erfolgt. Problemzentriertes und fokussiertes Interview, wie auch exploratives Interview und Tiefeninterview sind demnach offene, halbstrukturierte, qualitative Methoden. Schwächer strukturiert ist das narrative Interview, wobei in der Offenheit der Fragen und der Auswertung „sich die qualitativ orientierten Interviewformen weitgehend einig sind" (Mayring 2002, 67ff). " (\href{zotero://open-pdf/0_4BBD6F4E/399}{Buber and Holzmüller 2007:399})

"Der Erkenntnisgegenstand des Experteninterviews erweist sich als fokussiert auf einen besonderen Wissensbestand im sozialen Wissensvorrat:" (\href{zotero://open-pdf/0_4BBD6F4E/423}{Buber and Holzmüller 2007:423})

"In Abgrenzung insbesondere zum Spezialisten verfügt der Experte also insofern über ein umfassenderes Wissen, als es ihn nicht nur zur Problemlösung, sondern zur Erkenntnis und zur Begründung sowohl von Problemursachen als auch von Lösungsprinzipien befähigt." (\href{zotero://open-pdf/0_4BBD6F4E/424}{Buber and Holzmüller 2007:424})

"Das Experteninterview bietet sich also vornehmlich dann als Instrument zur Datenerhebung an, wenn die Wissensbestände von Experten im Kontext ihrer (letzt-)verantwortlichen Zuständigkeit für den Entwurf, die Implementierung und die Kontrolle von Problemlösungen Gegenstand des Forschungsinteresses sind." (\href{zotero://open-pdf/0_4BBD6F4E/424}{Buber and Holzmüller 2007:424})

"Wenn es aber darum geht, die Perspektive von Experten auf Prinzipien des Sachverhalts bzw. auf Sachlogiken, auf Probleme und ihre Ursachen, auf Lösungen und ihre Konsequenzen in Erfahrung zu bringen, dann ist das Experteninterview ein nicht nur brauchbares, sondern ein unerlässliches, eine Art ‚Surplus'-Verfahren der empirischen Sozialforschung." (\href{zotero://open-pdf/0_4BBD6F4E/432}{Buber and Holzmüller 2007:432})

Interviews und Interviewarten

"Es handelt sich um speziell für die Erhebungssituation evozierte Kommunikation, und die Methoden grenzen sich explizit zum traditionellen standardisierten Fragebogen ab, erheben also primär keine quantitativen Daten, sondern Texte." (\href{zotero://open-pdf/0_4BBD6F4E/392}{Buber and Holzmüller 2007:392})

"Dem qualitativen Interview wird im Rahmen der akademischen und kommerziellen qualitativen Marktforschung sehr viel Aufmerksamkeit gewidmet " (\href{zotero://open-pdf/0_4BBD6F4E/393}{Buber and Holzmüller 2007:393})

"Im \textbf{offenen Interview} ist der Anteil an offenen Fragen höher, damit sind die Befragten auch aktiver in das Geschehen eingebunden (Heinze 2001, 153f). " (\href{zotero://open-pdf/0_4BBD6F4E/396}{Buber and Holzmüller 2007:396})

"Das \textbf{strukturierte bzw. standardisierte Interview} folgt einem Fragenkatalog. Abhängig vom Grad der Strukturierung (vollȬ oder teilstrukturiert), gibt es einen mehr oder weniger hohen Anteil an geschlossenen Fragen mit Antwortvorgaben, die in einer festȬ gelegten Reihenfolge gestellt werden (Diekmann 2005, 374)." (\href{zotero://open-pdf/0_4BBD6F4E/396}{Buber and Holzmüller 2007:396})

"Das \textbf{problemzentrierte Interview} wurde von Witzel (1985) als ein mulitmethodisches InȬ strument entwickelt, das Interview, Fallanalyse, biographische Methode, Gruppendiskussion und Inhaltsanalyse beinhaltet. " (\href{zotero://open-pdf/0_4BBD6F4E/396}{Buber and Holzmüller 2007:396})

"Ein offenes und größtenteils unstandardisiertes Befragungsgespräch ist das \textbf{explorative Interview}. Anders als im Tiefeninterview sind nicht tiefer liegende Bewusstseinsstrukturen, sondern subjektiv relevante Informationen, Meinungen und Einstellungen zum Untersuchungsproblem im Mittelpunkt der Befragung (Kepper 1995, 40). " (\href{zotero://open-pdf/0_4BBD6F4E/397}{Buber and Holzmüller 2007:397})

"\textbf{ExpertInneninterviews} werden oftmals im Rahmen explorativer Gespräche angewandt. Dabei werden „ExpertInnen" zum Untersuchungsgegenstand befragt. Der ExpertInnenstatus ist in erster Linie abhängig vom jeweiligen Forschungsinteresse und wird in gewisser Hinsicht vom/von der ForscherIn „verliehen" (Meuser/Nagel 2005). Die Frage der Definition des Experten/der Expertin und Auswertungsprobleme sind die Gründe, warum ExpertInneninterviews methodisch umstritten sind." (\href{zotero://open-pdf/0_4BBD6F4E/397}{Buber and Holzmüller 2007:397})

~}
}

@incollection{PfadenhauerExperteninterviewGesprachauf2007,
  langid = {german},
  location = {{Wiesbaden}},
  title = {Das Experteninterview - Ein Gespräch auf Augenhöhe},
  edition = {1. Aufl},
  isbn = {978-3-8349-0229-0},
  booktitle = {Qualitative Marktforschung: Konzepte - Methoden - Analysen},
  publisher = {{Gabler}},
  date = {2007},
  pages = {449--460},
  author = {Pfadenhauer, Michaela},
  editor = {Holzmüller, Hartmut H.},
  file = {/Users/lisa/Zotero/storage/5ZDDI8CT/Pfadenhauer - 2007 - Das Experteninterview - Ein Gespräch auf Augenhöhe.pdf},
  note = {OCLC: 180153906},
  annotation = {\textbf{Extracted Annotations (20.2.2018, 18:53:25)}

"Der Erkenntnisgegenstand des Experteninterviews erweist sich als fokussiert auf einen besonderen Wissensbestand im sozialen Wissensvorrat: auf das Sonderwissen, das im Zuge fortschreitender Arbeitsteilung proportional zum Allgemeinwissen an Umfang und Gewicht (im Sinne von ‚Gewichtigkeit') zunimmt." (\href{zotero://open-pdf/0_5ZDDI8CT/2}{Pfadenhauer 2007:450})

"In Abgrenzung insbesondere zum Spezialisten verfügt der Experte also insofern über ein umfassenderes Wissen, als es ihn nicht nur zur Problemlösung, sondern zur Erkenntnis und zur Begründung sowohl von Problemursachen als auch von Lösungsprinzipien befähigt." (\href{zotero://open-pdf/0_5ZDDI8CT/3}{Pfadenhauer 2007:451})

"Das Experteninterview bietet sich also vornehmlich dann als Instrument zur Datenerhebung an, wenn die Wissensbestände von Experten im Kontext ihrer (letzt-)verantwortlichen Zuständigkeit für den Entwurf, die Implementierung und die Kontrolle von Problemlösungen Gegenstand des Forschungsinteresses sind. In diesem weiten Sinne zielt das Erkenntnisinteresse des Experteninterviews auf die Rekonstruktion von (explizitem) Expertenwissen ab." (\href{zotero://open-pdf/0_5ZDDI8CT/3}{Pfadenhauer 2007:451})

"Diejenige Interviewform, die ich als Experteninterview zu bezeichnen vorschlage, ist ein sehr voraussetzungsvolles und damit auch ausgesprochen aufwendiges Instrument zur Datengenerierung dar, dessen Einsatz sich nur im Hinblick auf ganz bestimmte Forschungsinteressen als zweckdienlich erweist." (\href{zotero://open-pdf/0_5ZDDI8CT/10}{Pfadenhauer 2007:458})

"Wenn es aber darum geht, die Perspektive von Experten auf Prinzipien des Sachverhalts bzw. auf Sachlogiken, auf Probleme und ihre Ursachen, auf Lösungen und ihre Konsequenzen in Erfahrung zu bringen, dann ist das Experteninterview ein nicht nur brauchbares, sondern ein unerlässliches, eine Art ‚Surplus'-Verfahren der empirischen Sozialforschung." (\href{zotero://open-pdf/0_5ZDDI8CT/11}{Pfadenhauer 2007:459})}
}

@incollection{AghamanoukjanQualitativeInterviews2007,
  langid = {german},
  location = {{Wiesbaden}},
  title = {Qualitative Interviews},
  edition = {1. Aufl},
  isbn = {978-3-8349-0229-0},
  booktitle = {Qualitative Marktforschung: Konzepte - Methoden - Analysen},
  publisher = {{Gabler}},
  date = {2007},
  pages = {415--433},
  author = {Aghamanoukjan, Anahid and Buber, Renate and Meyer, Michael},
  file = {/Users/lisa/Zotero/storage/HPX6LJD6/Aghamanoukjan et al. - 2007 - Qualitative Interviews.pdf},
  note = {OCLC: 180153906},
  annotation = {\textbf{Extracted Annotations (21.2.2018, 09:46:31)}

"DamitȱsindȱdieȱGemeinsamkeitenȱerschöpft.ȱMethodenȱwieȱdasȱnarrativeȱInȬ terview,ȱ ExpertInneninterviews,ȱ strukturierteȱ oderȱ teilstrukturierteȱ mündlicheȱ InterȬ views,ȱ Tiefeninterviews,ȱ projektiveȱ Interviewsȱ -ȱ sieȱ allesamtȱ werdenȱ großzügigȱ alsȱ Formenȱ qualitativerȱ Interviewsȱ genannt,ȱ orientierenȱ sichȱ aberȱ inȱ ihrerȱ Spezifitätȱ anȱ ganzȱ unterschiedlichenȱ Dimensionenȱ undȱ Kriterien.ȱ" (\href{zotero://open-pdf/0_HPX6LJD6/2}{Aghamanoukjan et al 2007:416})

"Leitfadeninterviews.ȱ Typischȱ dafürȱ istȱ dieȱ freieȱGesprächsführung,ȱdieȱsichȱlediglichȱanȱeinerȱListeȱ(einemȱLeitfaden)ȱanȱThemenȱ orientiert" (\href{zotero://open-pdf/0_HPX6LJD6/7}{Aghamanoukjan et al 2007:421})

"EinȱoffenesȱundȱgrößtenteilsȱunstandardisiertesȱBefragungsgesprächȱistȱdasȱexplorativeȱ Interview.ȱAndersȱalsȱimȱTiefeninterviewȱsindȱnichtȱtieferȱliegendeȱ BewusstseinsstrukȬ turen,ȱsondernȱsubjektivȱrelevanteȱInformationen,ȱMeinungenȱundȱEinstellungenȱzumȱ UntersuchungsproblemȱimȱMittelpunktȱderȱBefragung" (\href{zotero://open-pdf/0_HPX6LJD6/7}{Aghamanoukjan et al 2007:421})

"ExpertInneninterviewsȱ werdenȱ oftmalsȱ imȱRahmenȱ explorativerȱ Gesprächeȱ angewandt." (\href{zotero://open-pdf/0_HPX6LJD6/7}{Aghamanoukjan et al 2007:421})

"LeitfadenȱundȱErwartungskonkretisierung:ȱAuchȱwennȱqualitativeȱInterviewsȱvielȬ fachȱexplorativen,ȱentdeckendenȱCharakterȱundȱdamitȱeinȱhohesȱÜberraschungspoȬ tenzialȱhaben,ȱhegenȱInterviewerInnenȱregelmäßigȱErwartungenȱbezüglichȱderȱAntȬ wortenȱ undȱ Mitteilungen,ȱ dieȱ sieȱ aufȱ ihreȱ Fragenȱ erhalten.ȱ Dieseȱ solltenȱ präzisiertȱ undȱ dokumentiertȱ werden.ȱ Wirȱ empfehlenȱ dazuȱ dreispaltigeȱ Interviewleitfäden:ȱ (1)ȱInȱderȱerstenȱSpalteȱsindȱjeneȱ(wenigen)ȱFragenȱformuliert,ȱdieȱjedenfallsȱgestelltȱ werden.ȱ(2)ȱInȱderȱzweitenȱSpalteȱfindenȱsichȱjeneȱErwartungenȱüberȱdieȱAntwortenȱ undȱ Mitteilungen,ȱ dieȱ vonȱ denȱ Interviewtenȱ aufȱ dieȱ jeweiligenȱ Fragenȱ kommen.ȱ (3)ȱInȱ derȱ drittenȱ Spalteȱ werdenȱ optionaleȱ Zusatzfragenȱ zumȱ Nachfragenȱ formuȬ liert,ȱ dieȱ gestelltȱ werden,ȱ wennȱ bestimmteȱ Erwartungenȱ enttäuschtȱ werden,ȱ alsoȱ bestimmteȱMitteilungenȱnichtȱerfolgen.ȱ" (\href{zotero://open-pdf/0_HPX6LJD6/17}{Aghamanoukjan et al 2007:431})}
}

@book{Flickintroductionqualitativeresearch2009,
  langid = {english},
  location = {{Los Angeles}},
  title = {An Introduction to Qualitative Research},
  edition = {4th ed},
  isbn = {978-1-84787-323-1},
  pagetotal = {504},
  publisher = {{Sage Publications}},
  date = {2009},
  keywords = {Methodology,Psychology,Qualitative research,Social sciences},
  author = {Flick, Uwe},
  file = {/Users/lisa/Zotero/storage/YZ2QLE9J/An Introduction to Qualitative Research.pdf},
  annotation = {\section{Expert Interviews}

"a specific form of applying semi-structured interviews" (\href{zotero://open-pdf/0_YZ2QLE9J/179}{Flick 2009:179})

"The answer to the question, who or what are experts, can be very different depending on the issue of the study and the theoretical and analytical approach used in it. ... We can label those persons as experts who are particularly competent as authorities on a certain matter of facts. (Beeke 1995, pp. 7-8)" (\href{zotero://open-pdf/0_YZ2QLE9J/179}{Flick 2009:179})

"They can be used (1) for exploration, for orientation in a new field in order to give the field of study a thematic structure and to generate hypotheses (2002, p. 37). This can also be used for preparing the main instrument in a study for other target groups (e.g., patients). The systematizing expert interview (2) can be used to collect context information complementing insights coming from applying other methods (e.g., interviews with patients). (3) Theory-generating expert interviews aim at developing a typology or a theory about an issue from reconstructing the knowledge of various experts—for example, about contents and gaps in the knowledge of people working in certain institutions concerning the needs of a specific target group." (\href{zotero://open-pdf/0_YZ2QLE9J/180}{Flick 2009:180})

"The selection of interviewees will be based on purposive sampling." (\href{zotero://open-pdf/0_YZ2QLE9J/182}{Flick 2009:182})

"Theoretical sampling is only one option here. The alternatives suggested by Patton (2002) may be more appropriate (see Chapter 11)." (\href{zotero://open-pdf/0_YZ2QLE9J/183}{Flick 2009:183})

\section{Sampling Techniques}

"Purposive Sampling: Gradual selection is not merely the original principle of sampling in various traditional approaches in qualitative research. More recent discussions, which describe strategies for how to proceed with purposive sampling by selecting cases and empirical material, take it up again repeatedly." (\href{zotero://open-pdf/0_YZ2QLE9J/137}{Flick 2009:137})

"Another suggestion is to select particularly typical cases (i.e., those cases in which success and failure are particularly typical for the average or the majority of the cases). Here the field is disclosed from inside and from its center." (\href{zotero://open-pdf/0_YZ2QLE9J/137}{Flick 2009:137})

"Correspondingly, Morse (1998, p. 73) defines several general criteria for a "good informant." These may serve more generally as criteria for selecting meaningful cases (especially for interviewees). They should have the necessary knowledge and experience of the issue or object at their disposal for answering the questions in the interview or—in observational studies—for performing the actions of interest. They should also have the capability to reflect and articulate, should have time to be asked (or observed), and should be ready to participate in the study. If all these conditions are fulfilled, this case is most likely to be integrated into the study." (\href{zotero://open-pdf/0_YZ2QLE9J/138}{Flick 2009:138})}
}

@collection{GarzQualitativempirischeSozialforschungKonzepte1991,
  location = {{Opladen}},
  title = {Qualitativ-Empirische {{Sozialforschung}}: {{Konzepte}}, {{Methoden}}, {{Analysen}}},
  isbn = {978-3-531-12289-2},
  shorttitle = {Qualitativ-Empirische {{Sozialforschung}}},
  pagetotal = {471},
  publisher = {{Westdeutscher Verlag}},
  date = {1991},
  keywords = {Research,Social sciences,Sociology},
  editor = {Garz, Detlef and Kraimer, Klaus}
}

@book{PohlRequirementsengineeringfundamentals2011,
  langid = {english},
  location = {{Santa Barbara, CA : Sebastopol, CA}},
  title = {Requirements Engineering Fundamentals: A Study Guide for the {{Certified Professional}} for {{Requirements Engineering}} Exam: Foundation Level, {{IREB}} Compliant},
  edition = {1st ed},
  isbn = {978-1-933952-81-9},
  shorttitle = {Requirements Engineering Fundamentals},
  pagetotal = {163},
  series = {Rocky Nook computing},
  publisher = {{Rocky Nook ; Distributed by O'Reilly Media}},
  date = {2011},
  keywords = {Electronic data processing documentation,Examinations,Requirements engineering,Software engineering,System design},
  author = {Pohl, Klaus and Rupp, Chris},
  note = {OCLC: ocn682894206},
  annotation = {\emph{Core activities of RE}

\emph{Chapter 1, Introduction and Foundations, Summary}

\begin{itemize}

\item 

\emph{Elicitation:}~During requirements elicitation, different techniques are used to obtain requirements from stakeholders and other sources and to refine the requirements in greater detail.

\item 

\emph{Documentation:}~During documentation, the elicited requirements are described adequately. Different techniques are used to document the requirements by using natural language or conceptual models.

\item 

\emph{Validation and negotiation}: In order to guarantee that the predefined quality criteria are met, documented requirements must be validated and negotiated early on.

\item 

\emph{Management:}~Requirements management is orthogonal to all other activities and comprises any measures that are necessary to structure requirements, to prepare them so that they can be used by different roles, to maintain consistency after changes, and to ensure their implementation.

\end{itemize}

Types of elicitation techniques

Chapter 3, Eliciting Requirements, Elicitation Techniques

Survey Techniques:

Survey techniques aim at eliciting as precise and unbiased statements as possible from stakeholders regarding their requirements.-$>$ Interviews, Questionnaires

Creativity Techniques

Creativity techniques serve the purpose of developing innovative requirements, delineating an initial vision of the system, and eliciting excitement factors. Creativity techniques are usually not well suited for establishing fine-grained requirements about the system behavior. -$>$ Brainstorming, Analogy techniques

Document centric techniques

Document-centric techniques reuse solutions and experiences made with existing systems. -$>$ Reuse, Perspective Based Reading

Observation techniques

During observation, the requirements engineer observes the stakeholders while they go about their work. The requirements engineer documents all steps and thus elicits the processes the system must support as well as potential mistakes, risks, and open questions. All those are potential requirements that need to be formulated. -$>$ Field observation, Apprenticing

Support techniques

-$>$MindMapping, Cards, Workshops

~}
}

@inbook{PatakiSystemRequirementsAnalysis2003,
  langid = {english},
  location = {{New York}},
  title = {System {{Requirements Analysis}}},
  edition = {2 ed.},
  url = {https://its.ny.gov/nys-project-management-guidebook-release-2},
  booktitle = {The {{New York State Project Management Guidebook}}},
  publisher = {{New York State Office for Technology}},
  urldate = {2018-02-19},
  date = {2003},
  pages = {200},
  bookauthor = {Pataki, George E. and Dillon, James and McCormack, Michael},
  file = {/Users/lisa/Zotero/storage/D9PRIFZ7/systemreq.pdf},
  annotation = {\textbf{What is RE?\\
}

"In Determine Business Requirements, information is gathered from a variety of project participants relating to the vision and scope of the system. From this, specific detailed requirements are identified and documented so that they address the stated business need. These requirements are then decomposed into a set of business rules." (\href{zotero://open-pdf/0_D9PRIFZ7/8}{ 2003:207}) P.38}
}

@book{SommervilleSoftwareengineering2011,
  langid = {english},
  location = {{Boston}},
  title = {Software Engineering},
  edition = {9th ed},
  isbn = {978-0-13-703515-1 978-0-13-705346-9},
  pagetotal = {773},
  publisher = {{Pearson}},
  date = {2011},
  keywords = {Software engineering},
  author = {Sommerville, Ian},
  file = {/Users/lisa/Zotero/storage/84KINXDM/1429431793.203Software Engineering by Somerville.pdf},
  note = {OCLC: ocn462909026},
  annotation = {\textbf{Requirements}

"The requirements for a system are the descriptions of what the system should do— the services that it provides and the constraints on its operation. These requirements reflect the needs of customers for a system that serves a certain purpose such as controlling a device, placing an order, or finding information." (\href{zotero://open-pdf/0_84KINXDM/100}{Sommerville 2011:100})

"\textbf{Functional} requirements These are statements of services the system should provide, how the system should react to particular inputs, and how the system" (\href{zotero://open-pdf/0_84KINXDM/101}{Sommerville 2011:101})

"should behave in particular situations. In some cases, the functional requirements may also explicitly state what the system should not do." (\href{zotero://open-pdf/0_84KINXDM/102}{Sommerville 2011:102})

"\textbf{Non-functional} requirements These are constraints on the services or functions offered by the system. They include timing constraints, constraints on the development process, and constraints imposed by standards. Non-functional requirements often apply to the system as a whole, rather than individual system features or services." (\href{zotero://open-pdf/0_84KINXDM/102}{Sommerville 2011:102})

"These focus on assessing if the system is useful to the business (feasibility study), discovering requirements (elicitation and analysis), converting these requirements into some standard form (specification), and checking that the requirements actually define the system that the customer wants (validation)." (\href{zotero://open-pdf/0_84KINXDM/116}{Sommerville 2011:116})

~

~

P.120:}
}

@inproceedings{AlvarezDiscourseanalysisrequirements2002,
  langid = {english},
  location = {{Big Island, HI, USA}},
  title = {Discourse Analysis of Requirements and Knowledge Elicitation Interviews},
  doi = {10.1109/HICSS.2002.994388},
  eventtitle = {Hawaii {{International Conference}} on {{System Sciences}}},
  booktitle = {System {{Sciences}}, 2002. {{HICSS}}. {{Proceedings}} of the 35th {{Annual Hawaii International Conference}} On},
  publisher = {{IEEE}},
  date = {2002},
  pages = {1--10},
  author = {Alvarez, Rosío},
  file = {/Users/lisa/Zotero/storage/A3H8SHWH/10.1.1.561.3327.pdf},
  annotation = {\textbf{What is RE, RE \& Interviews\\
}

"Both requirements analysis and knowledge acquisition are communicative acts that involve the elicitation of data and information from clients as domain experts or end users. As such, both methods rely on effectual communication between analysts and clients. P.1

~

"While analysts working in both requirements analysis and knowledge acquisition use a variety of tools and techniques to obtain information, the interview continues to be the favored elicitation technique" (\href{zotero://open-pdf/0_A3H8SHWH/1}{Alvarez 2002:10}) P.1}
}

@article{SommervilleIntegratedrequirementsengineering2005,
  langid = {english},
  title = {Integrated Requirements Engineering: {{A}} Tutorial},
  volume = {22},
  doi = {10.1109/MS.2005.13},
  shorttitle = {Integrated Requirements Engineering},
  number = {1},
  journaltitle = {IEEE software},
  date = {2005},
  pages = {16--23},
  author = {Sommerville, Ian},
  file = {/Users/lisa/Zotero/storage/6V7BKVWV/2005_Sommerville_IEEE Software_Integrated Requirements Engineering A Tutorial.pdf},
  annotation = {\textbf{RE and its core activities\\
}

"Requirements engineering is the name given to a structured set of activities that help develop this understanding and that document the system specification for the stakeholders and engineers involved in the system development." (\href{zotero://open-pdf/0_6V7BKVWV/1}{Sommerville 2005:16})

1. "\textbf{Elicitation}. Identify sources of information about the system and discover the requirements from these.

2. \textbf{Analysis.} Understand the requirements, their overlaps, and their conflicts.

3. \textbf{Validation.} Go back to the system stakeholders and check if the requirements are what they really need.

4. \textbf{Negotiation.} Inevitably, stakeholders' views will differ, and proposed requirements might conflict. Try to reconcile conflicting views and generate a consistent set of requirements.

5. \textbf{Documentation.} Write down the requirements in a way that stakeholders and software developers can understand.

6. \textbf{Management.} Control the requirements changes that will inevitably arise." (\href{zotero://open-pdf/0_6V7BKVWV/2}{Sommerville 2005:17})

"The outcome of the RE process is a statement of the requirements (a requirements document) that defines what is to be implemented." (\href{zotero://open-pdf/0_6V7BKVWV/2}{Sommerville 2005:17})

"Separating requirements and design means that requirements engineers shouldn't be influenced by design considerations when setting out a system's requirements. Moreover, the requirements shouldn't limit designers' freedom in deciding how to implement the system." (\href{zotero://open-pdf/0_6V7BKVWV/3}{Sommerville 2005:18})}
}

@article{OsterleMemorandumzurgestaltungsorientierten2010,
  title = {Memorandum Zur Gestaltungsorientierten {{Wirtschaftsinformatik}}},
  volume = {62},
  doi = {10.1007/BF03372838},
  number = {6},
  journaltitle = {Zeitschrift für betriebswirtschaftliche Forschung},
  date = {2010},
  pages = {664--672},
  author = {Österle, H. and Frank, U. and Becker, J. and Hess, T. and Karagiannis, D. and Krcmar, H. and Loos, P. and Mertens, P.},
  file = {/Users/lisa/Zotero/storage/SSUXINEW/Memorandum.pdf},
  annotation = {Prinzipien der WI \& Artefakte:

"Forschung in der gestaltungsorientierten Wirtschaftsinformatik muss folgende Prinzipien befolgen:\\
\textbf{Abstraktion}: Ein Artefakt muss auf eine Klasse von Problemen anwendbar sein.\\
\textbf{Originalität}: Ein Artefakt muss einen innovativen Beitrag zum publizierten Wissensstand leisten.\\
\textbf{Begründung}: Ein Artefakt muss nachvollziehbar begründet werden und validierbar sein.\\
\textbf{Nutzen}: Ein Artefakt muss heute oder in Zukunft einen Nutzen für die Anspruchsgruppen erzeugen können." (\href{zotero://open-pdf/0_SSUXINEW/8}{Österle et al 2010:671})

~

"Die Wirtschaftsinformatik beschäftigt sich mit der Gestaltung soziotechnischer Systeme und hat es daher mit einer sehr grossen Zahl von Faktoren zu tun, die deterministische Lösungen weitgehend ausschliesst. Artefakte der Wirtschaftsinformatik sind selten (formal) beweisbar, sondern basieren darauf, dass sie von Experten, die den Stand der Wissenschaft und Praxis kennen, anhand der vorgelegten Begründung oder auf Basis ihrer Implementierung (zum Beispiel Markterfolg) akzeptiert werden." (\href{zotero://open-pdf/0_SSUXINEW/8}{Österle et al 2010:671})}
}

@book{WhiteProbingunderstanding1992,
  langid = {english},
  location = {{London ; New York}},
  title = {Probing Understanding},
  edition = {1},
  isbn = {978-0-7507-0047-4 978-0-7507-0048-1},
  pagetotal = {207},
  publisher = {{Routledge}},
  date = {1992},
  keywords = {Comprehension,Educational psychology,Testing},
  author = {White, Richard T. and Gunstone, Richard F.},
  annotation = {„[An] interview is the most direct method, among all the probes, of assessing a person’s understanding.“ 

P.85

Zitat direkt zum Einfügen!}
}

@collection{KrugerMethodennaturwissenschaftsdidaktischenForschung2014,
  langid = {german},
  location = {{Berlin Heidelberg}},
  title = {Methoden in der naturwissenschaftsdidaktischen Forschung},
  isbn = {978-3-642-37826-3 978-3-642-37827-0},
  pagetotal = {439},
  series = {Lehrbuch},
  publisher = {{Springer Spektrum}},
  date = {2014},
  editor = {Krüger, Dirk and Parchmann, Ilka and Schecker, Horst},
  file = {/Users/lisa/Zotero/storage/WB3VRCX3/Krüger et al. - 2014 - Methoden in der naturwissenschaftsdidaktischen For.pdf},
  note = {OCLC: 864978709}
}

@inbook{KrugerqualitativeInhaltsanalyseMethode2004,
  location = {{Berlin, Heidelberg}},
  title = {Die Qualitative {{Inhaltsanalyse}} - Eine {{Methode}} Zur {{Auswertung}} von {{Interviews}}},
  booktitle = {Methoden in Der Naturwissenschaftsdidaktischen {{Forschung}}},
  series = {Lehrbuch},
  publisher = {{Springer Spektrum}},
  date = {2004},
  pages = {133--154},
  author = {Krüger, D. and Riemeier, T.},
  bookauthor = {Krüger, D. and Parchmann, I. and Schecker, H.},
  file = {/Users/lisa/Zotero/storage/ZSWGYEJ6/Krüger and Riemeier - Die qualitative Inhaltsanalyse - eine Methode zur .pdf},
  doi = {10.1007/978-3-642-37827-0_11},
  annotation = {\textbf{Extracted Annotations (20.2.2018, 18:59:00)}

"Ein Interview ist eine Befragung, bei der ein Interviewer durch Gesprächsimpulse einen Interviewten zum Sprechen anregt. Dies geschieht mit dem Ziel, persönliche Informationen, Einstellungen, Haltungen, Wissen oder Vorstellungen zu ermitteln." (\href{zotero://open-pdf/0_ZSWGYEJ6/1}{Krüger and Riemeier 2004:133})

"Das leitfadengestützte Interview ist eine solche Möglichkeit, komplexe Denkstrukturen und damit Vorstellungen von Personen zu erheben." (\href{zotero://open-pdf/0_ZSWGYEJ6/1}{Krüger and Riemeier 2004:133})

"Bereits die Auswahl der Probanden ist abhängig vom theoretischen Hintergrund und der Fragestellung." (\href{zotero://open-pdf/0_ZSWGYEJ6/2}{Krüger and Riemeier 2004:134})

"Die qualitative Analyse der Daten lässt sich grundsätzlich in drei Schritte gliedern: Erhebung (Kap. 10), Aufbereitung und Auswertung des Materials. Die Datenaufbereitung lässt sich in zwei Schritte (Transkription, Redigieren der Aussagen) und die Datenauswertung in drei Schritte (Ordnen der Aussagen, Explikation, Einzelstrukturierung) gliedern. Dieses aufeinander aufbauende Vorgehen, bei dem jeder Schritt durch wenigstens eine weitere Person auf seinen Inhalt zu prüfen ist, wird an folgendem Beispiel verdeutlicht." (\href{zotero://open-pdf/0_ZSWGYEJ6/3}{Krüger and Riemeier 2004:135})

"Schritt 1: Transkription" (\href{zotero://open-pdf/0_ZSWGYEJ6/3}{Krüger and Riemeier 2004:135})

"Schritt 2: Redigieren der Aussagen" (\href{zotero://open-pdf/0_ZSWGYEJ6/6}{Krüger and Riemeier 2004:138})

"Schritt 3: Ordnen der Aussagen" (\href{zotero://open-pdf/0_ZSWGYEJ6/7}{Krüger and Riemeier 2004:139})

"Schritt 4: Explikation" (\href{zotero://open-pdf/0_ZSWGYEJ6/9}{Krüger and Riemeier 2004:141})

"Schritt 5: Einzelstrukturierung" (\href{zotero://open-pdf/0_ZSWGYEJ6/11}{Krüger and Riemeier 2004:143})

"Insgesamt stellt die qualitative Inhaltsanalyse ein systematisches und theoriegeleitetes Auswertungsverfahren dar, das unter Berücksichtigung wissenschaftlicher Gütekriterien die Nachvollziehbarkeit, Wiederholbarkeit und auch Kritik einer empirischen Untersuchung ermöglicht und verlässliche Rückschlüsse auf Vorstellungen von Menschen erlaubt, die in Vermittlungssituationen von Bedeutung sind." (\href{zotero://open-pdf/0_ZSWGYEJ6/13}{Krüger and Riemeier 2004:145})}
}

@incollection{NiebertLeitfadengestutzteInterviews2014,
  langid = {german},
  location = {{Berlin Heidelberg}},
  title = {Leitfadengestützte Interviews},
  isbn = {978-3-642-37826-3 978-3-642-37827-0},
  booktitle = {Methoden in der naturwissenschaftsdidaktischen Forschung},
  series = {Lehrbuch},
  publisher = {{Springer Spektrum}},
  date = {2014},
  pages = {121--132},
  author = {Niebert, Kai and Gropengießer, Harald},
  editor = {Krüger, Dirk and Parchmann, Ilka and Schecker, Horst},
  file = {/Users/lisa/Zotero/storage/DEKUILF2/Niebert and Gropengießer - 2014 - Leitfadengestützte Interviews.pdf},
  doi = {10.1007/978-3-642-37827-0_10},
  annotation = {\textbf{Extracted Annotations (21.2.2018, 09:40:38)}

"Durch Leitfaden strukturierte Interviews sind geeignet, wenn alltägliches und wissenschaftliches Wissen zu rekonstruieren ist und dafür eine große Offenheit gewährleistet sein soll - aber gleichzeitig auch die vom Interviewer eingebrachten Themen den Erhebungsprozess strukturieren sollen." (\href{zotero://open-pdf/0_DEKUILF2/2}{Niebert and Gropengießer 2014:122})

"m Anfang unseres Beispiels steht eine weite, erzählgenerierende Aufforderung, die den Probanden die Möglichkeit gibt, ihre Vorstellungen zum Thema zu entfalten." (\href{zotero://open-pdf/0_DEKUILF2/2}{Niebert and Gropengießer 2014:122})

"Die Intention des Interviews ist in der Regel vorrangig ermittelnd und nicht vermittelnd." (\href{zotero://open-pdf/0_DEKUILF2/4}{Niebert and Gropengießer 2014:124})

"Der häufig explorative Charakter der qualitativen Forschung schließt eine starke Standardisierung aus." (\href{zotero://open-pdf/0_DEKUILF2/4}{Niebert and Gropengießer 2014:124})

"Der Interviewleitfaden soll übersichtlich gestaltet sein, um dem Interviewer einen schnellen Überblick zu ermöglichen. Der Leitfaden soll lenken und nicht ablenken. Die einzelnen Interventionen sollen nicht abgelesen werden. Vielmehr soll eine natürliche Gesprächsatmosphäre aufgebaut werden. • Der Interviewleitfaden soll nicht überladen sein. Eine Fokussierung auf ein unrealistisches Pensum an Einzelaspekten führt meist zu einer oberflächlichen Erhebung. • Der Leitfaden soll einer logischen Struktur folgen. Es soll aber klar sein, dass die Sachstruktur des zu erfassenden Bereichs (z. B. Klimawandel) nicht unbedingt der Denkstruktur der Befragten entsprechen muss. • Die im Leitfaden festgehaltenen Impulse sollten in einer angemessenen Alltagssprache formuliert sein. Fachsprache kann das Interview behindern. Der Wortschatz und (antizipierte) Vorstellungshorizont des Interviewten soll Beachtung finden. • Der Leitfaden soll lenken, aber nicht einschränken." (\href{zotero://open-pdf/0_DEKUILF2/6}{Niebert and Gropengießer 2014:126})

"Grundsätzlich gilt: Ziel des Interviews ist es, die Vorstellungen des Interviewpartners zu verstehen. Der Interviewleitfaden ist dazu Mittel und Hilfe, aber kein Selbstzweck." (\href{zotero://open-pdf/0_DEKUILF2/6}{Niebert and Gropengießer 2014:126})

"Evolution eines Interviewleitfadens" (\href{zotero://open-pdf/0_DEKUILF2/10}{Niebert and Gropengießer 2014:130})

"Nach der Entwicklung eines ersten Entwurfes des Interviewleitfadens sollte der Leitfaden auf seine Praktikabilität getestet werden: Sowohl beim Führen eines Interviews als auch bei der Erstellung eines Interviewleitfadens tastet man sich an den Untersuchungsgegenstand heran. Tauchen in den ersten Interviews Schwierigkeiten auf, oder werden neue Vorstellungen gefunden, wird der Leitfaden begründet weiterentwickelt." (\href{zotero://open-pdf/0_DEKUILF2/10}{Niebert and Gropengießer 2014:130})

"Erste Fassung und Probeinterview" (\href{zotero://open-pdf/0_DEKUILF2/10}{Niebert and Gropengießer 2014:130})

"Zweite Fassung auf Grundlage neu gefundener Vorstellungen" (\href{zotero://open-pdf/0_DEKUILF2/10}{Niebert and Gropengießer 2014:130})

"Dritte, weiterentwickelte Fassung zur Erhebung der Vorstellungen." (\href{zotero://open-pdf/0_DEKUILF2/10}{Niebert and Gropengießer 2014:130})}
}

@incollection{MorseDesigningfundedqualitative2011,
  langid = {english},
  location = {{CA, USA}},
  title = {Designing Funded Qualitative Research},
  edition = {4},
  isbn = {978-1-4129-7417-2},
  booktitle = {Handbook of Qualitative Research},
  publisher = {{Thousand Oaks, Sage Publications Inc.}},
  date = {2011},
  pages = {220--235},
  author = {Morse, Janice M.},
  editor = {Denzin, N. K. and Lincoln, Y. S.}
}

@book{MorseDeterminingsamplesize2000,
  title = {Determining Sample Size},
  publisher = {{Sage Publications Sage CA: Thousand Oaks, CA}},
  date = {2000},
  author = {Morse, Janice M.},
  file = {/Users/lisa/Zotero/storage/DI4Q8UD9/Morse - 2000 - Determining sample size.pdf},
  annotation = {\textbf{Extracted Annotations (20.2.2018, 18:55:49)}

"Estimating the number of participants in a study required to reach saturation depends on a number of factors, including the quality of data, the scope of the study, the nature of the topic, the amount of useful information obtained from each participant, the number of interviews per participant, the use of shadowed data, and the qualitative method and study design used. Once all of these factors are considered, you may not be much further ahead in predicting the exact number, but you will be able to defend the estimated range presented in your proposal." (\href{zotero://open-pdf/0_DI4Q8UD9/1}{Morse 2000:1})

"What Factors Should Be Considered? Thescopeofthestudy." (\href{zotero://open-pdf/0_DI4Q8UD9/1}{Morse 2000:1})

"The nature of the topic." (\href{zotero://open-pdf/0_DI4Q8UD9/1}{Morse 2000:1})

"Quality of data." (\href{zotero://open-pdf/0_DI4Q8UD9/2}{Morse 2000:2})

"Study design." (\href{zotero://open-pdf/0_DI4Q8UD9/2}{Morse 2000:2})

"The use of shadowed data. In addition to talking about their own experience, participants may discuss the experience of others, how their own experience resembles or differs from others, and why. I call this reporting on others' experiences "shadowed data." The use of shadowed data is very important. It provides the investigator with some idea of the range of experiences and the domain of the phenomena beyond the single participant's personal experience, and it provides some explanation of the rationale for these differences." (\href{zotero://open-pdf/0_DI4Q8UD9/2}{Morse 2000:2})

"This principle links the number of participants with the research method used. If, when using semistructured interviews, one obtains a small amount of data per interview question (i.e., relatively shallow data), then to obtain the richness of data required for qualitative analysis, one needs a large number of participants (at least 30 to 60)." (\href{zotero://open-pdf/0_DI4Q8UD9/2}{Morse 2000:2})}
}

@book{EdwardsWhatqualitativeinterviewing2013,
  langid = {english},
  location = {{London; New York}},
  title = {What Is Qualitative Interviewing?},
  edition = {1},
  isbn = {978-1-78093-852-3},
  pagetotal = {134},
  number = {7},
  series = {What is? Research Methods series},
  publisher = {{Bloomsbury}},
  date = {2013},
  author = {Edwards, Rosalind and Holland, Janet},
  editor = {Crow, Graham},
  file = {/Users/lisa/Zotero/storage/9CQULI8K/Edwards and Holland - 2013 - What is qualitative interviewing.pdf},
  annotation = {\textbf{Extracted Annotations (21.2.2018, 10:15:02)}

"Th e rest of the scale, semi-structured and unstructured, is the area occupied" (\href{zotero://open-pdf/0_9CQULI8K/12}{Edwards et al 2013:12})

"by qualitative researchers, with the interviews characterized by increasing levels of fl exibility and lack of structure." (\href{zotero://open-pdf/0_9CQULI8K/13}{Edwards et al 2013:13})

"A more general way of thinking about theoretical sampling in qualitative research is that selection is made on the basis of relevance for your theory, in order to produce a sample that will enable you to develop the theoretical ideas that will be emerging in an iterative process between your theory and your data, and to enable you to test these emerging ideas" (\href{zotero://open-pdf/0_9CQULI8K/16}{Edwards et al 2013:16})

"In general, academic researchers often favour the convenience sample - available by means of accessibility." (\href{zotero://open-pdf/0_9CQULI8K/16}{Edwards et al 2013:16})

"In a typical semi-structured interview the researcher has a list of questions or series of topics they want to cover in the interview, an interview guide (see  Chapter 5 for examples), but there is fl exibility in how and when the questions are put and how the interviewee can respond." (\href{zotero://open-pdf/0_9CQULI8K/39}{Edwards et al 2013:39})

"In the unstructured interview the researcher clearly has aims for the research and a topic of study, but the importance of the method is to allow the interviewee to talk from their own perspective using their own frame of reference and ideas and meanings that are familiar to them." (\href{zotero://open-pdf/0_9CQULI8K/40}{Edwards et al 2013:40})}
}

@article{BakerHowmanyqualitative2012,
  title = {How Many Qualitative Interviews Is Enough?: {{Expert}} Voices and Early Career Reflections on Sampling and Cases in Qualitative Research},
  shorttitle = {How Many Qualitative Interviews Is Enough?},
  date = {2012},
  author = {Baker, Sarah Elsie and Edwards, Rosalind and Doidge, Mark},
  file = {/Users/lisa/Zotero/storage/UATDZEKH/Baker et al. - 2012 - How many qualitative interviews is enough Expert.pdf},
  annotation = {\textbf{Extracted Annotations (21.2.2018, 09:13:55)}

"Harry Wolcott" (\href{zotero://open-pdf/0_UATDZEKH/4}{Baker et al 2012:4})

"The answer, as with all things qualitative, is "it depends." It depends on your resources, how important the question is to the research, and even to how many respondents are enough to satisfy committee members for a dissertation. For many qualitative studies one respondent is all you need - your person of interest." (\href{zotero://open-pdf/0_UATDZEKH/4}{Baker et al 2012:4})

"The emphasis on commonality, Ragin suggests, means that once a qualitative researcher is conducting their research they may find that that the evidence is so repetitive that there is no need to continue. Thus for Ragin, Wolcott and many of the other experts, saturation is central to qualitative sampling." (\href{zotero://open-pdf/0_UATDZEKH/6}{Baker et al 2012:6})

"It also means that it is impossible to specify the number of qualitative interviews necessary to complete a project at its inception. This is a problem particularly when most project proposals require researchers to state a number. Thus while many experts agree that saturation is ideal, some give numerical guidance. For example, Adler and Adler advise graduate students to sample between 12 and 60, with 30 being the mean; and Ragin suggests that a glib answer is '20 for an M.A. thesis and 50 for a Ph.D. dissertation'." (\href{zotero://open-pdf/0_UATDZEKH/6}{Baker et al 2012:6})

"both Louisa Passerini and Linda Sandino write about the ways in which one interview is valid within oral history and how single qualitative interviews can produce rich accounts of subjectivity." (\href{zotero://open-pdf/0_UATDZEKH/6}{Baker et al 2012:6})

"Jensen writes about how, with the help of her supervisor, she came to realize that it was the quality of the analysis and the dignity, care and time taken to analyse interviews, rather than quantity, that she valued in the work of others." (\href{zotero://open-pdf/0_UATDZEKH/6}{Baker et al 2012:6})

~

Flick:

"In general, the answer to the above question depends on several issues, which have to be balanced in finding the answer: The research question is one aspect, the accessibility of potential interviewees another and resources maybe a major aspect. And finally the availability of potential interviewees is another context aspect. In particular when expert interviews are planned, the number of experts in the field may be very limited, so that is sometimes difficult to think of more than ten interviews." (\href{zotero://open-pdf/0_UATDZEKH/28}{Baker et al 2012:28})

"So the answer can only be: Reflect what you intend to find out and show with your interviews, put it in the context of which resources you have available for doing your research and how your interviews are embedded in the fuller outline of your study." (\href{zotero://open-pdf/0_UATDZEKH/28}{Baker et al 2012:28})}
}

@book{MasonQualitativeresearching2002,
  location = {{London ; Thousand Oaks, Calif}},
  title = {Qualitative Researching},
  edition = {2nd ed},
  isbn = {978-0-7619-7428-4 978-0-7619-7427-7},
  pagetotal = {223},
  publisher = {{Sage Publications}},
  date = {2002},
  keywords = {Qualitative research,Social sciences,Research Methodology},
  author = {Mason, Jennifer},
  file = {/Users/lisa/Zotero/storage/LBYEZTTN/Mason - 2002 - Qualitative researching.pdf},
  annotation = {\textbf{Extracted Annotations (21.2.2018, 10:02:20)}

"Rather more pragmatically, you may choose qualitative interviewing because the data you want may not feasibly be available in any other form, so that asking people for their accounts, talking and listening to them, and so on, is the only way to generate the kind of data you want." (\href{zotero://open-pdf/0_LBYEZTTN/76}{Mason 2002:76})

"It is, in fact, one of the mostpossibly the mostwidely used methods in qualitative research, and for some very good reasons. It is considered by many to be an appropriate and practicable way to get at some of what qualitative" (\href{zotero://open-pdf/0_LBYEZTTN/92}{Mason 2002:92})

"researchers see as the central ontological components of social reality." (\href{zotero://open-pdf/0_LBYEZTTN/93}{Mason 2002:93})

"In the broadest definition, sampling and selection are principles and procedures used to identify, choose, and gain access to relevant data sources (see Chapter 3) from which you will generate data using your chosen methods." (\href{zotero://open-pdf/0_LBYEZTTN/130}{Mason 2002:130})

"Qualitative research usually involves some form of sampling or selection, for two sets of reasons. The first are practical and resource-based issues." (\href{zotero://open-pdf/0_LBYEZTTN/131}{Mason 2002:131})

"The second set of reasons for sampling are to do with the important question of focus." (\href{zotero://open-pdf/0_LBYEZTTN/131}{Mason 2002:131})

"Essentially, the work you are asking of your sample is to help provide you with the data which you will need to address your research questions." (\href{zotero://open-pdf/0_LBYEZTTN/131}{Mason 2002:131})

"Sampling Illustratively or Evocatively Qualitative researchers may argue that the relationship between the contexts and phenomena they have sampled, and the wider universe that they are interested in, is an illustrative or evocative one." (\href{zotero://open-pdf/0_LBYEZTTN/136}{Mason 2002:136})

"In a sense, this approach to sampling seeks only to provide a flavour - sometimes a very vivid or illuminating one." (\href{zotero://open-pdf/0_LBYEZTTN/136}{Mason 2002:136})

"n order to decide which people, however, you need to work out how to classify them or, in other words, by what means you will tell them apart." (\href{zotero://open-pdf/0_LBYEZTTN/137}{Mason 2002:137})

"If you decide, for intellectual or pragmatic reasons, to treat people as your sampling categories, you will therefore need to ask yourself whether the ways in which people (or groups or collectivities of people) are classified are relevant and useful to you in your sampling." (\href{zotero://open-pdf/0_LBYEZTTN/138}{Mason 2002:138})

"If you are using a theoretical or purposive sampling strategy, then whether or not the sample is big enough to be statistically representative of a total population is not your major concern." (\href{zotero://open-pdf/0_LBYEZTTN/144}{Mason 2002:144})

"Qualitative samples are usually small for practical reasons to do with the costs, especially in terms of time and money, of generating and analysing qualitative data," (\href{zotero://open-pdf/0_LBYEZTTN/144}{Mason 2002:144})

Interview Preparation: P.72}
}

@incollection{MeuserExperteninterviewkonzeptionelleGrundlagen2009,
  langid = {german},
  location = {{Wiesbaden}},
  title = {Das Experteninterview—konzeptionelle Grundlagen und methodische Anlage},
  isbn = {978-3-531-16194-5},
  booktitle = {Methoden der vergleichenden Politik-und Sozialwissenschaft},
  publisher = {{VS Verlag für Sozialwissenschaften}},
  date = {2009},
  pages = {465--479},
  author = {Meuser, Michael and Nagel, Ulrike},
  editor = {Pickel, S. and Pickel, G. and Laut, HJ. and Jahn, D.},
  file = {/Users/lisa/Zotero/storage/IJRIXRQ3/10.1007-978-3-531-91826-6_23.pdf},
  doi = {10.1007/978-3-531-91826-6_23},
  annotation = {\textbf{Extracted Annotations (21.2.2018, 09:08:34)}

"Allgemein gilt das Experteninterview als ein wenig strukturiertes Erhebungsinstrument, das zu explorativen Zwecken eingesetzt wird." (\href{zotero://open-pdf/0_IJRIXRQ3/1}{Meuser and Nagel 2009:465})

"als ein Instrument der Datenerhebung, das auf einen spezifischen Modus des Wissens bezogen ist - auf Expertenwissen." (\href{zotero://open-pdf/0_IJRIXRQ3/2}{Meuser and Nagel 2009:466})

"ine solche Bestimmung bleibt jedoch unzureichend, da sie dem Forscher keine Kriterien an die Hand gibt, nach denen er Experten von Nicht-Experten unterscheiden kann." (\href{zotero://open-pdf/0_IJRIXRQ3/2}{Meuser and Nagel 2009:466})

"Als Experte kommt in Betracht, wer sich durch eine „institutionalisierte Kompetenz zur Konstruktion von Wirklichkeit" (Hitzler/Honer/Maeder 1994) auszeichnet. Expertenwissen zeichnet sich durch die Chance aus, „in der Praxis in einem bestimmten organisationalen Funktionskontext hegemonial zu werden" und so "die Handlungsbedingungen anderer Akteure [...] in relevanter Weise" mitzustrukturieren (Bogner/Menz 2002b, S. 46;" (\href{zotero://open-pdf/0_IJRIXRQ3/3}{Meuser and Nagel 2009:467})

"Der Experte steht für eine Problemperspektive, die typisch ist für den institutionellen Kontext, in dem er sein Wissen erworben hat und in dem er handelt. Er repräsentiert eine typische Problemtheorie, einen typischen Lösungsweg und typische Entscheidungsstrukturen." (\href{zotero://open-pdf/0_IJRIXRQ3/5}{Meuser and Nagel 2009:469})

"Richtet sich das Interesse auf Betriebswissen, sind die interviewten Experten Entwickler und Implementeure, die an entscheidender Stelle Verantwortung dafür tragen, dass Programme und Maßnahmen entwickelt, verabschiedet und umgesetzt oder aber auch blockiert werden. Mit Hilfe von Experteninterviews lassen sich strukturelle Bedingungen der Programmimplementation rekonstruieren und damit Informationen gewinnen, auf deren Basis praktikable Maßnahmen entwickelt werden können." (\href{zotero://open-pdf/0_IJRIXRQ3/7}{Meuser and Nagel 2009:471})

"Kontextwissen" (\href{zotero://open-pdf/0_IJRIXRQ3/7}{Meuser and Nagel 2009:471})

"Lebensbedingungen, Handlungsweisen, Entwicklungen bestimmter Populationen, auf die das Expertenhandeln gerichtet ist und über die jene durch ihre Tätigkeit ein spezialisiertes Sonderwissen erworben haben." (\href{zotero://open-pdf/0_IJRIXRQ3/7}{Meuser and Nagel 2009:471})

"Einen anderen Stellenwert erhält das Experteninterview, wenn es gleichsam als Ersatz eingesetzt wird, weil aufgrund von Zugangsschwierigkeiten und Restriktionen anderer Verfahren primäre Daten nicht verfügbar sind bzw. nicht erhoben werden können." (\href{zotero://open-pdf/0_IJRIXRQ3/7}{Meuser and Nagel 2009:471})

"Vor diesem Hintergrund betrachten wir ein offenes Leitfadeninterview als das angemessene Erhebungsinstrument." (\href{zotero://open-pdf/0_IJRIXRQ3/8}{Meuser and Nagel 2009:472})

"Auf einen Leitfaden und damit auf jegliche thematische Vorstrukturierung zu verzichten, wie dies für narrative Interviews kennzeichnend und sinnvoll ist, brächte zum einen die Gefahr mit sich, sich dem Experten als inkompetenter Gesprächspartner darzustellen." (\href{zotero://open-pdf/0_IJRIXRQ3/8}{Meuser and Nagel 2009:472})

"Die Arbeit, die in die Entwicklung des Leitfadens investiert wird, verschafft dem Interviewer die thematische Kompetenz, die ein ertragreiches Interview ermöglicht." (\href{zotero://open-pdf/0_IJRIXRQ3/9}{Meuser and Nagel 2009:473})

"Die Fragen sollten des Weiteren durch ihre Formulierung deutlich machen, dass sie auf das überpersönliche, institutionenbezogene Wissen abzielen." (\href{zotero://open-pdf/0_IJRIXRQ3/10}{Meuser and Nagel 2009:474})

"Der Leitfaden schneidet die interessierenden Themen aus dem Horizont möglicher Gesprächsthemen der Experten heraus und dient dazu, das Interview auf diese Themen zu fokussieren." (\href{zotero://open-pdf/0_IJRIXRQ3/12}{Meuser and Nagel 2009:476})

"Transkription" (\href{zotero://open-pdf/0_IJRIXRQ3/12}{Meuser and Nagel 2009:476})

"Paraphrase:" (\href{zotero://open-pdf/0_IJRIXRQ3/12}{Meuser and Nagel 2009:476})

"Kodieren" (\href{zotero://open-pdf/0_IJRIXRQ3/12}{Meuser and Nagel 2009:476})

"paraphrasierten Passagen thematisch zu ordnen" (\href{zotero://open-pdf/0_IJRIXRQ3/12}{Meuser and Nagel 2009:476})

"Thematischer Vergleich:" (\href{zotero://open-pdf/0_IJRIXRQ3/12}{Meuser and Nagel 2009:476})

"Soziologische Konzeptualisierung" (\href{zotero://open-pdf/0_IJRIXRQ3/13}{Meuser and Nagel 2009:477})

"Theoretische Generalisierung:" (\href{zotero://open-pdf/0_IJRIXRQ3/13}{Meuser and Nagel 2009:477})

"In dieser Weise zeichnet sich die Auswertung durch Rekursivität aus." (\href{zotero://open-pdf/0_IJRIXRQ3/13}{Meuser and Nagel 2009:477})}
}

@incollection{MeuserExpertInneninterviewsvielfacherprobt1991,
  langid = {german},
  location = {{Opladen}},
  title = {ExpertInneninterviews - vielfach erprobt, wenig bedacht : ein Beitrag zur qualitativen Methodendiskussion},
  isbn = {978-3-531-12289-4},
  booktitle = {Qualitativ-empirische Sozialforschung: Konzepte, Methoden, Analysen},
  publisher = {{Westdeutscher Verlag}},
  date = {1991},
  pages = {441--471},
  keywords = {Research,Social sciences,Sociology},
  author = {Meuser, Michael and Nagel, Ulrike},
  editor = {Garz, Detlef and Kraimer, Klaus},
  file = {/Users/lisa/Zotero/storage/6YHM652L/ssoar-1991-meuser_et_al-expertinneninterviews_-_vielfach_erprobt.pdf},
  note = {Meuser, Michael ; Nagel, Ulrike: ExpertInneninterviews - vielfach erprobt, wenig bedacht : ein Beitrag zur qualitativen Methodendiskussion. In: Garz, Detlef (Ed.) ; Kraimer, Klaus(Ed.): Qualitativ-empirische Sozialforschung : Konzepte, Methoden, Analysen. Opladen : Westdt. Verl., 1991. - ISBN 3-531-12289-4, pp. 441-471.},
  annotation = {\textbf{Extracted Annotations (21.2.2018, 09:31:32)}

"ExpertInneninterviews kommen in den verschiedensten Forschungsfeldern zum Einsatz, oft im Rahmen eines Methodenmix, aber auch als eigenständiges verfahren" (\href{zotero://open-pdf/0_6YHM652L/2}{Meuser and Nagel 1991:442})

"Ob jemand als Expertin angesprochen wird, ist in erster Linie abhängig vom jeweiligen Forschungsinteresse. Expertin ist ein relationaler Status." (\href{zotero://open-pdf/0_6YHM652L/4}{Meuser and Nagel 1991:444})

"Betnebswissen" (\href{zotero://open-pdf/0_6YHM652L/7}{Meuser and Nagel 1991:447})

"Kontextwissen" (\href{zotero://open-pdf/0_6YHM652L/7}{Meuser and Nagel 1991:447})

"Eine leitfadenorientierte Gesprächsführung wird beidem gerecht, dem thematisch begrenzten Interesse des Forschers an dem Experten wie auch dem Expertenstatus des Gegenübers. Die in die Entwicklung eines Leitfadens eingehende Arbeit schließt aus, daß sich der Forscher als inkompetenter Gesprächspartner darstellt." (\href{zotero://open-pdf/0_6YHM652L/9}{Meuser and Nagel 1991:449})

"Die Orientierung an einem Leitfaden schließt auch aus, daß das Gespräch sich in Themen verliert, die nichts zur Sache tun, und erlaubt zugleich dem Experten, seine Sache und Sicht der Dinge zu extemporieren." (\href{zotero://open-pdf/0_6YHM652L/9}{Meuser and Nagel 1991:449})

"Der Textvergieich mit der Absicht, das Repräsentative im ExpertInnenwissen zu entdecken und die Gewinnung von Aussagen dar- über für andere kontrollierbar zu halten, ist ein voraussetzungsvolles Unternehmen." (\href{zotero://open-pdf/0_6YHM652L/12}{Meuser and Nagel 1991:452})

"orientiert sich die Auswertung von ExpertInneninterviews an thematischen Einheiten, an inhaltlich zusammengehörigen, über die Texte verstreuten Passagen" (\href{zotero://open-pdf/0_6YHM652L/14}{Meuser and Nagel 1991:454})

"Die Auswertung setzt die Transkription der in der Regel auf Tonband protokollierten Interviews voraus. Da es bei ExpertInneninterviews um gemeinsam geteiltes Wissen geht, halten wir aufwendige Notationssysteme, wie sie bei narrativen Interviews oder konversationsanalytischen Auswertungen unvermeidlich sind, für überflüssig." (\href{zotero://open-pdf/0_6YHM652L/16}{Meuser and Nagel 1991:456})

"Ein kritischer Punkt ist die inhaltliche Vollständigkeit der Transkription." (\href{zotero://open-pdf/0_6YHM652L/16}{Meuser and Nagel 1991:456})}
}


