% This file was created with JabRef 2.10.
% Encoding: UTF8
% This file was created with Citavi 5.7.0.0

@article{DamienHutchinsonMatthewWarren.2003,
 author = {Damien Hutchinson and Matthew Warren},
 year = {2003},
 title = {Security for Internet banking: a framework},
 url = {http://www.emeraldinsight.com/doi/pdfplus/10.1108/09576050310453750},
 urldate = {2017-10-19},
 pages = {64--73},
 volume = {16},
 number = {1},
 issn = {0957-6053},
 journal = {Logistics Information Management},
 doi = {10.1108/09576050310453750}
}

@online{Hardt.2013,
    author = {D. Hardt},
    title = {The OAuth 2.0 Authorization Framework},
    year = {2013},
    url = {https://tools.ietf.org/html/rfc6749},
    publisher = {IETF},
    urldate = {2017-10-18}
}

@Article{Wilde2007,
author="Wilde, Thomas
and Hess, Thomas",
title="Forschungsmethoden der Wirtschaftsinformatik",
journal="WIRTSCHAFTSINFORMATIK",
year="2007",
month="Aug",
day="01",
volume="49",
number="4",
pages="280--287",
abstract="Vor dem Hintergrund aktueller Positionierungsdebatten ist eine genaue Kenntnis des Methodenprofils der Wirtschaftsinformatik zunehmend von Bedeutung. Der Beitrag zeigt anhand einer Literaturanalyse, dass                                      sich das aktive Methodenspektrum der Wirtschaftsinformatik mit argumentativ-, konzeptionell- und formal-deduktiven Analysen, Prototyping, Fallstudien und quantitativen Querschnittanalysen aus sechs Kernmethoden zusammensetzt, die in 91{\%} der Beitr{\"a}ge zum Einsatz kommen                                                        die WI in den letzten Jahren zunehmend auch quantitativ-empirische Methoden einsetzt, w{\"a}hrend gleichzeitig der Anteil argumentativ-deduktiver Arbeiten zur{\"u}ckgeht                                                        Fallstudien, konzeptionelle und formal-deduktive Analysen von WI und IS etwa in gleichem Umfang eingesetzt werden, Prototyping und argumentativ-deduktive Arbeiten das methodologische Spezifikum der Wirtschaftsinformatik und quantitativ-empirische Querschnittstudien sowie Laborexperimente das methodologische Spezifikum des Information Systems Research sind.                                  ",
% issn="1861-8936",
% doi="10.1007/s11576-007-0064-z",
% url="https://doi.org/10.1007/s11576-007-0064-z"
}

@article{fettke2004,
  title={Referenzmodellierungsforschung},
  author={Fettke, Peter and Loos, Peter},
  journal={Wirtschaftsinformatik},
  volume={46},
  number={5},
  pages={331--340},
  year={2004},
  publisher={Springer}
}

@Book{Schutte.1999,
  editor = 	{Sch{\"u}tte, Reinhard
		and Siedentopf, J.
		and Zelewski, Stephan},
  title = 	{Wirtschaftsinformatik und Wissenschaftstheorie -- Grundpositionen und Theoriekerne.: Arbeitsbericht Nr. 4, Institut f{\"u}r Produktion und Industrielles Informationsmanagement, Universit{\"a}t Essen.},
  year = 	{1999},
  address = 	{Essen}
}

@techreport{wilde2006,
  title={Methodenspektrum der Wirtschaftsinformatik: {\"U}berblick und Portfoliobildung},
  author={Wilde, Thomas and Hess, Thomas},
  year={2006},
  institution={Arbeitsbericht, Institut f{\"u}r Wirtschaftsinformatik und Neue Medien, Fakult{\"a}t f{\"u}r Betriebswirtschaft, Ludwig-Maximilians-Universit{\"a}t}
}

@online{Greenspan.2015,
author = {Greenspan, Gideon},
title = {Avoiding the pointless blockchain project},
url = {https://www.multichain.com/blog/2015/11/avoiding-pointless-blockchain-project/},
urldate = {2017-10-19},
year = {2015}
}

@online{Lobban.2017,
 author = {Lobban, Tyrone},
 year = {2017},
 title = {Quorum Chain Consensus},
 url = {https://github.com/jpmorganchase/quorum/wiki/QuorumChain-Consensus},
 urldate = {2017-11-02}
}

@online{Slepak.2013,
 author = {Slepak, Greg},
 title = {DNSChain + okTurtles},
 year = {2013},
 url = {https://okturtles.com/other/dnschain_okturtles_overview.pdf},
 urldate = {2017-11-02}
}

@article{sakimura.2014,
  title={OpenID Connect Core 1.0 incorporating errata set 1},
  author={Sakimura, Nat and Bradley, John and Jones, Mike and de Medeiros, Breno and Mortimore, Chuck},
  journal={The OpenID Foundation, specification},
  year={2014}
}

@book{Stallings.1999,
 author = {Stallings, William},
 title = {Cryptography and Network Security: Principles and Practice},
 year = {1999},
 % isbn = {0-13-869017-0},
 publisher = {Prentice-Hall, Inc.},
 edition = {2},
 address = {Upper Saddle River, NJ, USA}
} 

@article{Platzer2008,
author = {Platzer, Steffen},
title = {Zertifikate im Einsatz},
journal = {Sicherheit f√ºr PCs und mobile Computer},
pages = {16--19},
year = {2008},
% doi = {http://dx.doi.org/10.18452/6537}
}

@article{leavitt.2011,
  title={Internet security under attack: The undermining of digital certificates},
  author={Leavitt, Neal},
  journal={Computer},
  volume={44},
  number={12},
  pages={17--20},
  year={2011},
  publisher={IEEE}
}


@inproceedings{Durumeric.2013,
 author = {Durumeric, Zakir and Kasten, James and Bailey, Michael and Halderman, J. Alex},
 title = {Analysis of the HTTPS Certificate Ecosystem},
 booktitle = {Proceedings of the 2013 Conference on Internet Measurement Conference},
 series = {IMC '13},
 year = {2013},
 % isbn = {978-1-4503-1953-9},
 location = {Barcelona, Spain},
 pages = {291--304},
 numpages = {14},
%  url = {http://doi.acm.org/10.1145/2504730.2504755},
%  doi = {10.1145/2504730.2504755},
%  acmid = {2504755},
 publisher = {ACM},
 address = {New York, NY, USA},
 keywords = {HTTPS, SSL, TLS, certificates, internet-wide scanning, measurement, public-key infrastructure, security, x.509}
} 

@online{w.a.2010,
    author = {w.A.},
    title = {The OAuth 1.0 Protocol},
    year = {2010},
    editor = {Hammer-Lahav, E.},
    url = {https://tools.ietf.org/html/rfc5849},
    publisher = {IETF},
    urldate = {2017-10-20}
}

@online{Cooper.2008,
 author = {Cooper, D. and Santesson, S. and Farrell, S. and Boeyen S. and Housley, R. and Polk, W.},
 title = {Internet X.509 Public Key Infrastructure Certificate and Certificate Revocation List (CRL) Profile},
 year = {2008},
 url = {https://tools.ietf.org/html/rfc5280},
 urldate = {2017-11-03}

}

@article{WorkingGrouponCryptotechnologyinInternationalPayments.,
 author = {{Working Group on Cryptotechnology in International Payments}},
 title = {Cryptotechnologies in international payments: Information Paper},
 urldate = {2017-10-16}
}

@misc{SAML.2005,
author = {Madsen, Paul and Maler, Eve and  Wisniewski, Thomas and Nadalin, Tony and Cantor, Scott  and  Hodges, Jeff and Mishra, Prateek},
publisher = {OASIS},
year = {2005},
title = {SAML V2.0 Executive Overview},
publisher = {w.pub.},
address = {w.l.}
% url = {https://www.oasis-open.org/committees/download.php/13525/sstc-saml-exec-overview-2.0-cd-01-2col.pdf}
}

@misc{Tapscott.2017,
 author = {Tapscott},
 date = {2017},
 title = {Realizing the Potential of Blockchain: A~Multistakeholder Approach to the Stewardship of Blockchain and Cryptocurrencies},
%  url = {https://www.weforum.org/whitepapers/realizing-the-potential-of-blockchain},
 address = {Switzerland},
%  urldate = {2017-10-16},
 editor = {Samans, Richard and Krieger, Zvika},
 institution = {{World Economic Forum}}
}


@misc{McWaters.2017,
 author = {McWaters, R. Jesse and Galaski, Rob},
 year = {2017},
 title = {Beyond Fintech:~How the Successes and Failures of New Entrants Are Reshaping the Financial System},
 url = {https://www.weforum.org/reports/beyond-fintech-a-pragmatic-assessment-of-disruptive-potential-in-financial-services},
 address = {United States of America},
 urldate = {2017-10-16}
}


@misc{Peters.2015,
 author = {Peters and Panayi},
 year = {2015},
 title = {Understanding Modern Banking Ledgers through Blockchain Technologies: Future of Transaction Processing and Smart Contracts on the Internet of Money},
 url = {https://dx.doi.org/10.2139/ssrn.2692487},
 address = {Oxford, United Kingdom},
 urldate = {2017-10-16}
}


@article{Namiot.2014,
 author = {Namiot, Dmitry and Sneps-Sneppe, Manfred},
 year = {2014},
 title = {On Micro-services Architecture},
 url = {http://injoit.org/index.php/j1/article/view/139},
 urldate = {2017-10-16},
 volume = {2},
 number = {9},
 journal = {International Journal of Open Information Technologies}
}

@misc{kohnfelder.1978,
  title={Towards a practical public-key cryptosystem},
  author={Kohnfelder, Loren M},
  year={1978},
  publisher={Massachusetts Institute of Technology},
  address = {Massachusetts, USA},
  publisher = {w.pub.}
%   url = {http://groups.csail.mit.edu/cis/theses/kohnfelder-bs.pdf}
}


@book{AntonopolousAndreasM..2017,
 author = {Antonopolous, Andreas M.},
 year = {2017},
 title = {Mastering Bitcoin: Programming the Open Blockchain},
%  url = {https://github.com/bitcoinbook/bitcoinbook},
 address = {United States of America},
%  urldate = {2017-10-16},
 edition = {2},
 publisher = {O'Reilly},
 % isbn = {978-1-491-95438-6},
 institution = {O'Reilly}
}


@online{Back.2002,
 author = {Back, Adam},
 year = {2002},
 title = {Hashcash - A~Denial of Service Counter-Measure},
 url = {http://www.hashcash.org/},
 urldate = {2017-10-16}
}


@proceedings{Koch.2017,
 year = {2017},
 title = {Security of Networks and Services in an All-Connected World},
 url = {https://link.springer.com/book/10.1007/978-3-319-60774-0},
 address = {Zurich, Switzerland},
 urldate = {2017-10-16},
 publisher = {{Springer Open}},
 % isbn = {978-3-319-60773-3},
 editor = {Koch, Robert and Tuncer, Daphne and Badonnel, R{\'e}mi and Stiller, Burkhardt},
 institution = {{IFIP WG}}
}


@misc{Biondi.2016,
 author = {Biondi, Daniel and Hetterscheidt, Tom and Obermeier, Bj{\"o}rn},
 date = {2016},
 title = {Blockchain in the financial services industry: Business White Paper},
 address = {B{\"o}blingen, Germany},
 urldate = {2017-10-16},
 edition = {1},
 institution = {HPE}
}


@proceedings{Giechanskiel.2016,
 year = {2016},
 title = {On Bitcoin Security in the Presence of Broken Crypto Primitives},
 url = {https://link.springer.com/chapter/10.1007/978-3-319-45741-3_11},
 address = {Oxford, United Kingdom},
 urldate = {2017-10-16},
 editor = {Giechanskiel, Ilias and Cremers, Cas and Rasmussen, Kasper B.}
}


@misc{AntonBadev.2014,
 abstract = {Subject},
 author = {{Anton Badev} and {Matthew Chen}},
 date = {2014},
 title = {Bitcoin: Technical Background and Data Analysis},
 url = {https://www.federalreserve.gov/econresdata/feds/2014/files/2014104pap.pdf},
 keywords = {Bitcoin;E42;L8;payment systems;virtual currency},
 address = {Washington D.C.},
 urldate = {2017-10-16},
 institution = {{Financa and Economics Discussion Series Division of Research and Statistics and Monetary Affairs}}
}


@online{Nakamoto.2008,
 author = {Nakamoto, Satoshi},
 year = {2008},
 title = {Bitcoin:~A Peer-to-Peer Electronic Cash System},
 urldate = {2017-10-16},
 url = {https://bitcoin.org/bitcoin.pdf}
}

@online{Nakamoto.2010,
 author = {Nakamoto, Satoshi},
 year = {2010},
 urldate = {2017-11-04},
 url = {https://bitcointalk.org/index.php?topic=195.msg1611#msg1611},
 title = {Re: Transactions and Scripts: DUP HASH160 ... EQUALVERIFY CHECKSIG}
}

@online{Accenture.2016,
 author = {Accenture},
 url = {https://www.accenture.com/t20170120T074124Z__w__/us-en/_acnmedia/Accenture/Conversion-Assets/DotCom/Documents/Global/PDF/Consulting/Accenture-Banking-on-Blockchain.pdf#zoom=50},
 year ={2016},
 title = {Banking on Blockchain},
 urldate = {2017-11-04}
}

@article{Merkle.1978,
 author = {Merkle, Ralph C.},
 title = {Secure Communications over Insecure Channels},
 journal = {Commun. ACM},
 issue_date = {April 1978},
 volume = {21},
 number = {4},
 month = apr,
 year = {1978},
%  issn = {0001-0782},
 pages = {294--299},
 numpages = {6},
%  url = {http://doi.acm.org/10.1145/359460.359473},
%  doi = {10.1145/359460.359473},
%  acmid = {359473},
 publisher = {ACM},
 address = {New York, NY, USA},
 keywords = {communications security, computer network security, cryptography, cryptology, key distribution, passive eavesdropping, public key cryptosystem, security, wiretap},
} 


@online{Malone.2011,
author = {Malone, Sean},
year = {2012},
title = {Securing the Application Layer},
url = {https://chapters.theiia.org/puget-sound/Documents/Presentations/Coalfire___IIA_2012_Securing_the_Application_Layer.pdf},
urldate = {2017-10-18}
}

@online{Siriwardena.2016,
 url = {https://medium.facilelogin.com/securing-microservices-with-oauth-2-0-jwt-and-xacml-d03770a9a838},
 urldate = {2017-10-16},
 author = {Siriwardena, Prabath},
 year = {2016}
}

@article{Szabo.1997,
	author = {Szabo, Nick},
	title = {Formalizing and Securing Relationships on Public Networks},
	journal = {First Monday},
	volume = {2},
	number = {9},
	year = {1997},
	keywords = {},
	abstract = {Smart contracts combine protocols with user interfaces to formalize and secure relationships over computer networks. Objectives and principles for the design of these systems are derived from legal principles, economic theory, and theories of reliable and secure protocols. Similarities and differences between smart contracts and traditional business procedures based on written contracts, controls, and static forms are discussed. By using cryptographic and other security mechanisms, we can secure many algorithmically specifiable relationships from breach by principals, and from eavesdropping or malicious interference by third parties, up to considerations of time, user interface, and completeness of the algorithmic specification. This article discusses protocols with application in important contracting areas, including credit, content rights management, payment systems, and contracts with bearer.},
% 	issn = {13960466},	doi = {10.5210/fm.v2i9.548},
% 	url = {http://journals.uic.edu/ojs/index.php/fm/article/view/548},
% 	urldate = {2017-11-04}
}

@online{Condos.2016,
 author = {Condos, J. and Sorrell, W.H., and Donegan, S. L.},
 title = {Blockchain Technology: Opportunities and Risks},
 url = {http://legislature.vermont.gov/assets/Legislative-Reports/blockchain-technology-report-final.pdf},
 urldate = {2017-11-04},
 year = {2016}
}

@article{Dragoni.2017b,
  author    = {Nicola Dragoni and
               Schahram Dustdar and
               Stephan Thordal Larsen and
               Manuel Mazzara},
  title     = {Microservices: Migration of a Mission Critical System},
  journal   = {CoRR},
  volume    = {abs/1704.04173},
  year      = {2017},
  publisher = {w.pub.},
%   url       = {http://arxiv.org/abs/1704.04173},
%   archivePrefix = {arXiv},
%   eprint    = {1704.04173},
%   timestamp = {Wed, 07 Jun 2017 14:42:18 +0200},
%   biburl    = {http://dblp.org/rec/bib/journals/corr/DragoniDLM17},
%   bibsource = {dblp computer science bibliography, http://dblp.org}
}

@article{Dragoni.2017,
  author    = {Nicola Dragoni and
               Saverio Giallorenzo and
               Alberto Lluch{-}Lafuente and
               Manuel Mazzara and
               Fabrizio Montesi and
               Ruslan Mustafin and
               Larisa Safina},
  title     = {Microservices: yesterday, today, and tomorrow},
  journal   = {CoRR},
  volume    = {abs/1606.04036},
  year      = {2016},
%   url       = {http://arxiv.org/abs/1606.04036},
%   archivePrefix = {arXiv},
%   eprint    = {1606.04036},
%   timestamp = {Wed, 07 Jun 2017 14:41:31 +0200},
%   biburl    = {http://dblp.org/rec/bib/journals/corr/DragoniGLMMMS16},
%   bibsource = {dblp computer science bibliography, http://dblp.org}
}


@misc{InternationalTechnicalSupportOrganization.2015,
 author = {{International Technical Support Organization}},
 year = {2015},
 title = {Microservices: From Theory to Practice: Creating Applications in IBM Bluemix Using the Microservices Approach},
 url = {https://www.redbooks.ibm.com/redbooks/pdfs/sg248275.pdf},
 keywords = {Bluemix CICS Cloudant Concert DataPower DB2 DOORS Global Business Services Global Technology Services IBM MobileFirst IBM UrbanCode IBM Watson Jazz Netcool Rational Rational Team Concert System z Tealeaf Tivoli WebSphere},
 urldate = {2017-10-16},
 edition = {1}
}


@online{Morgantini.2013,
 author = {Morgantini, David},
 year = {2013},
 title = {Microservices Introduction},
 url = {http://davidmorgantini.blogspot.de/2013/08/micro-services-introduction.html},
 urldate = {2017-10-13}
}

@book{Martin.2003,
  title={Agile Software Development: Principles, Patterns, and Practices},
  author={Martin, R.C.},
  % isbn={9780135974445},
  lccn={2003270283},
  series={Alan Apt series},
%   url={https://books.google.de/books?id=0HYhAQAAIAAJ},
  year={2003},
%   urldate = {2017-11-04},
  publisher={Pearson Education Limited}
}



@book{evans2004domain,
  title={Domain-driven Design: Tackling Complexity in the Heart of Software},
  author={Evans, E.},
  % isbn={9780321125217},
  lccn={2003050331},
%   url={https://books.google.de/books?id=7dlaMs0SECsC},
  year={2004},
  address = {Massachusetts, USA},
  publisher={Addison-Wesley}
}

@book{humble2010continuous,
  title={Continuous Delivery: Reliable Software Releases through Build, Test, and Deployment Automation},
  author={Humble, J. and Farley, D.},
  % isbn={9780321670229},
  series={Addison-Wesley Signature Series (Fowler)},
%   url={https://books.google.de/books?id=6ADDuzere-YC},
  year={2010},
  publisher={Pearson Education}
}


@online{Fowler.2014,
 abstract = {An in-depth description of the microservice style of architecture. Applications designed as suites of independently deployable services, governed in a decentralized manner.},
 author = {Fowler, Martin and Lewis, James},
 year = {2014},
 title = {Microservices: a definition of this new architectural term},
 url = {https://martinfowler.com/articles/microservices.html},
 urldate = {2017-10-13}
}

@online{Conway.1967,
 author = {Conway, Melvin E.},
 title = {How do Committees Invent?},
 url = {http://www.melconway.com/Home/Conways_Law.html},
 urldate = {2017-11-04},
 year = {1968},
 address = {w.l.},
 publisher = {Datamation}
}

@book{Nadareishvilli.2016,
 abstract = {Microservices can have a positive impact on your enterprise---just ask Amazon and Netflix---but you can fall into many traps if you don't approach them in the right way. This practical guide covers the entire microservices landscape, including the principles, technologies, and methodologies of this unique, modular style of system building. You'll learn about the experiences of organizations around the globe that have successfully adopted microservices.In three parts, this book explains how these services work and what it means to build an application the Microservices Way. You'll explore a design-based approach to microservice architecture with guidance for implementing various elements. And you'll get a set of recipes and practices for meeting practical, organizational, and cultural challenges to microservice adoption.Learn how microservices can help you drive business objectivesExamine the principles, practices, and culture that define microservice architecturesExplore a model for creating complex systems and a design process for building a microservice architectureLearn the fundamental design concepts for individual microservicesDelve into the operational elements of a microservices architecture, including containers and service discoveryDiscover how to handle the challenges of introducing microservice architecture in your organization},
 author = {Nadareishvilli, Irakli and Mitra, Ronnie and McLarty, Matt and Amundsen, Mike},
 year = {2016},
 title = {Microservice Architecture: Aligning Principles, Practices, and Culture},
%  url = {https://books.google.de/books/about/Microservice_Architecture.html?id=Ev2wDAAAQBAJ&printsec=frontcover&source=kp_read_button&redir_esc=y#v=onepage&q&f=false},
 address = {United States of America},
%  urldate = {2017-10-13},
 edition = {1},
 publisher = {O'Reilly},
 % isbn = {978-1-491-95625-0},
 institution = {O'Reilly}
}


@book{Bayuk.2012,
 author = {Bayuk, J. L. and Healey, J. and Rohmeyer, P. and Sachs, M. H. and Schmidt, J. and Weiss, J.},
 year = {2012},
 title = {Cyber Security Policy Guidebook},
 url = {https://books.google.de/books?id=lVjR8DIFS-0C},
 address = {Hoboken, New Jersey},
 urldate = {2017-10-13},
 edition = {1},
 publisher = {Wiley},
 % isbn = {9781118241325}
}


@book{Newman.2015,
 author = {Newman, Sam},
 year = {2015},
 title = {Building Microservices: Designing Fine Grained Systems},
%  url = {http://zempirians.com/ebooks/Sam\%20Newman-Building\%20Microservices-O\%27Reilly\%20Media\%20(2015).pdf},
 address = {United States of America},
%  urldate = {2017-10-13},
 publisher = {O'Reilly},
 % isbn = {978-1-491-95035-7},
 institution = {O'Reilly}
}


@article{Thones.2015,
 author = {Thones, Johannes},
 year = {2015},
 title = {Microservices},
%  urldate = {2017-10-13},
 pages = {116},
 volume = {32},
 number = {1},
%  issn = {0740-7459},
 journal = {IEEE Software},
%  doi = {10.1109/MS.2015.11}
}


@article{Walch.2015,
 abstract = {``Blockchain'' is the word on the street these days, with every significant financial institution, from Goldman Sachs to Nasdaq, experimenting with this new techn},
 author = {{Walch, Angela}},
 year = {2015},
 title = {The Bitcoin Blockchain as Financial Market Infrastructure: A Consideration of Operational Risk by Angela Walch :: SSRN},
 url = {https://papers.ssrn.com/sol3/papers.cfm?abstract_id=2579482},
 keywords = {Angela  Walch;SSRN;The Bitcoin Blockchain as Financial Market Infrastructure: A Consideration of Operational Risk},
 urldate = {2017-10-13},
 pages = {58},
 volume = {18 NYU Journal of Legislation and Public Policy 837},
 number = {837},
 issn = {1556-5068},
 journal = {SSRN Electronic Journal}
}


@article{Atzori.2015,
 author = {Atzori, Marcella},
 year = {2015},
 title = {Blockchain Technology and Decentralized Governance: Is the State Still Necessary?},
 url = {http://www.the-blockchain.com/docs/Blockchain\%20Technology\%20and\%20Decentralized\%20Governance\%20-\%20Is\%20the\%20State\%20Still\%20Necessary.pdf},
 urldate = {2017-10-13},
 pages = {37},
 volume = {w.V.},
 number = {w.N.},
 issn = {1556-5068},
 journal = {SSRN Electronic Journal},
 doi = {10.2139/ssrn.2709713}
}


@article{Hockett.2016,
 author = {Hockett, Robert C. and Omarova, Saule T.},
 year = {2016},
 title = {The Finance Franchise},
 url = {https://papers.ssrn.com/sol3/papers.cfm?abstract_id=2820176},
 urldate = {2017-10-13},
 pages = {16--29},
 volume = {Legal~Studies Research Paper Series},
 number = {1143},
 issn = {1556-5068},
 journal = {SSRN Electronic Journal},
 doi = {10.2139/ssrn.2820176}
}


@misc{Kirchmann.2014,
 author = {Kirchmann, Andreas},
 date = {2014},
 title = {Electronic invoicing and the banking industry: Discussion Paper},
 url = {https://www.abe-eba.eu/about-eba/eba-at-a-glance/},
 urldate = {2017-10-16},
 institution = {{Euro Banking Association}}
}


@misc{EBAWorkingGrouponElectronicandAlternativePayments.2015,
 author = {{EBA Working Group on Electronic and Alternative Payments}},
 year = {2015},
 title = {Cryptotechnologies, a major IT innovation and catalyst for change: 4 categories, 4 applications and 4 scenarios An exploration for transaction banking and payments professionals},
 url = {https://www.abe-eba.eu/downloads/knowledge-and-research/EBA_20150511_EBA_Cryptotechnologies_a_major_IT_innovation_v1_0.pdf},
 address = {Switzerland},
 urldate = {2017-10-16}
}


@book{Hammer.2005,
 author = {Hammer, Michael and Champy, James},
 year = {2005},
 title = {Reengineering the Corporation: A~Manifesto for Business Revolution},
 url = {https://books.google.de/books?id=mjvGTXgFl6cC&printsec=frontcover&source=gbs_ge_summary_r&cad=0#v=onepage&q&f=false},
 address = {New York, New York},
 urldate = {2017-10-16},
 publisher = {HarperCollins},
 % isbn = {978-0-06-055953-3},
 institution = {{HarperBusiness Essentials}}
}


@misc{Morgan.2016,
 author = {Morgan, Jacob},
 year = {2016},
 title = {Four Ways APIs Are Changing Banking: How Financial Services Firms Are Exploiting The API~Economy},
 url = {https://go.forrester.com/wp-content/uploads/Four_Ways_APIs_Are_Changi.pdf},
 address = {United States of America},
 urldate = {2017-10-17}
}

@online{Bonadonna.2015,
  author = {Bonadonna, Erik},
  year = {2015},
  title = {Bitcoin and the Double-Spending Problem},
  url = {http://blogs.cornell.edu/info4220/2013/03/29/bitcoin-and-the-double-spending-problem/},
  urldate = {2017-10-20},
  
}

@online{Dai.1998,
  author = {Dai, W.},
  year = {1998},
  title = {b-money},
  url = {http://www.weidai.com/bmoney.txt},
  urldate = {2017-10-25},
  type = {online}
}

@misc{GOV.2016,
year = {2016},
author = {Mark Walport},
publisher = {Government Office for Science},
title = {Distributed Ledger Technologies: Beyond block chain},
address = {London, UK},
% url = {https://www.gov.uk/government/uploads/system/uploads/attachment_data/file/492972/gs-16-1-distributed-ledger-technology.pdf},
% urldate = {2017-11-02}
}

@inproceedings{Osipkov.2007,
 author = {Osipkov, I. and Vasserman, E.Y. and Hopper, N. and Kim, Y.},
 year = {2007},
 title = {Combating double-spending using cooperative P2P systems},
 url = {http://ieeexplore.ieee.org/document/4268195/},
 urldate = {2017-10-20},
 publisher = {{IEEE Computer Society}},
 % isbn = { 0-7695-2837-3},
 booktitle = {27th International Conference on Distributed Computing System },
 address = {Toronto, Canada}
}

@inproceedings{Nie.2008,
 author = {Nie, Jin and Hu, Xianling},
 title = {Mobile Banking Information Security and Protection Methods},
 url = {http://ieeexplore.ieee.org/abstract/document/4722412/},
 urldate = {2017-10-19},
 publisher = {{IEEE Computer Society}},
 % isbn = {978-0-7695-3336-0},
 editor = {IEEE},
 booktitle = {International Conference on Computer Science and Software Engineering},
 year = {2008},
 address = {Los Alamitos, Calif.}
}


@Article{Pointcheval.2000,
author={Pointcheval, David and Stern, Jacques},
title={Security Arguments for Digital Signatures and Blind Signatures },
journal={Journal of Cryptology},
year={2000},
month={Jun},
day={01},
volume={13},
number={3},
pages={361--396},
issn={1432-1378},
doi={10.1007/s001450010003},
url={https://doi.org/10.1007/s001450010003},
urldate = {2017-10-19}
}

@Inbook{Chaum.1983,
author="Chaum, David",
editor="Chaum, David
and Rivest, Ronald L.
and Sherman, Alan T.",
title="Blind Signatures for Untraceable Payments",
bookTitle="Advances in Cryptology: Proceedings of Crypto 82",
year="1983",
publisher="Springer US",
address="Boston, MA",
pages="199--203",
% isbn="978-1-4757-0602-4",
doi="10.1007/978-1-4757-0602-4_18",
url="https://doi.org/10.1007/978-1-4757-0602-4_18"
}


@inproceedings{Welzel.2017,
 author = {Welzel, Christian and Rothe, Michael and Schmidt, Oliver and Fromm, Jens and Weber, Mike and Gauch, Stephan},
 title = {Blockchain},
%  url = {https://www.oeffentliche-it.de/-/Blockchain},
%  urldate = {2017-10-19},
 publisher = {{Kompetenzzentrum √ñffentliche IT}},
 editor = {Fromm, Jens and Weber, Mike},
 booktitle = {√ñFIT-Trendschau: √ñffentliche Informationstechnologie in der digitalisierten Gesellschaft.},
 year = {2017},
 address = {Berlin}
}

@proceedings{IEEE.2008,
 year = {2008},
 title = {International Conference on Computer Science and Software Engineering},
 url = {http://ieeexplore.ieee.org/abstract/document/4722412/},
 address = {Los Alamitos, Calif.},
 urldate = {2017-10-19},
 publisher = {{IEEE Computer Society}},
 % isbn = {978-0-7695-3336-0},
 editor = {IEEE},
 institution = {{CSSE 2008}}
}


@book{Kim.2011,
 author = {Kim, Tai-hoon},
 year = {2011},
 title = {Security technology: International conference SecTech 2011, held as part of the future generation information technology conference, FGIT 2011, in conjunction with GDC 2011, Jeju Island, Korea, December 8-10, 2011, proceedings /   Tai-hoon Kim ... [et al.], (eds.)},
 url = {http://www.springer.com/gb/   BLDSS},
 price = {{\pounds}50.99},
 address = {Berlin and London},
 volume = {259},
 publisher = {Springer},
 % isbn = {978-3-642-27188-5},
 series = {Communications in computer and information science}
}


@book{Aljawarneh.2017,
 year = {2017},
 title = {Online banking security measures and data protection},
 url = {https://books.google.de/books?id=KZgoDQAAQBAJ&pg=PA115&lpg=PA115&dq=banking+security+literature&source=bl&ots=W-QX2Gsp91&sig=ujNqit7jqkEMOe28LHLzB9C-hgc&hl=en&sa=X&ved=0ahUKEwjL3dzC5fzWAhVBKyYKHdwDASYQ6AEIVjAH#v=onepage&q=banking\%20security\%20literature&f=false},
 address = {Hershey PA},
 publisher = {{IGI Global}},
 % isbn = {9781522508656},
 series = {Premier reference source},
 editor = {Aljawarneh, Shadi}
}


@book{Bossel.1992,
 year = {1992},
 title = {Modellbildung und Simulation},
 url = {https://link.springer.com/chapter/10.1007/978-3-322-83658-8_1},
 address = {Wiesbaden},
 urldate = {2017-10-19},
 publisher = {{Vieweg+Teubner Verlag}},
 % isbn = {978-3-528-05242-3},
 editor = {Bossel, Hartmut},
 doi = {10.1007/978-3-322-83658-8}
}


@incollection{Bossel.1992b,
 author = {Bossel, Hartmut},
 title = {Systeme, Modelle, Modellbildung, Modellverwendung: Ein {\"U}berblick},
 pages = {11--46},
 publisher = {{Vieweg+Teubner Verlag}},
 % isbn = {978-3-528-05242-3},
 editor = {Bossel, Hartmut},
 booktitle = {Modellbildung und Simulation},
 year = {1992},
 address = {Wiesbaden},
 doi = {10.1007/978-3-322-83658-8{\textunderscore }1}
}


@online{AccentureDigital.2016,
 author = {{Accenture Digital}},
 date = {2016},
 title = {Blockchain Technology: How banks are building a real-time global payment network},
 url = {https://www.accenture.com/us-en/insight-blockchain-technology-how-banks-building-real-time},
 keywords = {Banking;blockchain;global payment},
 address = {o.O.},
 urldate = {2017-10-19},
 edition = {1},
 institution = {{Accenture Digital}}
}

@online{Thomas.2017,
author = {Thomas, Anne and Gupta, Aashish},
title = {Innovation Insights for Microservices},
year = {2017},
url = {https://www.gartner.com/doc/3579057/innovation-insight-microservices},
urldate = {2017-10-20},
publisher = {Gartner}

}

@online{Arnold.2017,
 author = {Arnold, Martin},
 year = {2017},
 title = {Five ways banks are using blockchain: Future of FinTech},
 url = {https://www.ft.com/content/615b3bd8-97a9-11e7-a652-cde3f882dd7b?mhq5j=e5},
 urldate = {2017-10-19}
}


@misc{Bussmann.2016,
 author = {Bussmann, Oliver},
 year = {2016},
 title = {Financial Services:~FinTech, Blockchain, Disruption},
 url = {http://www.zdnet.com/article/fintech-and-blockchain-are-banks-dead/},
 address = {o.O.},
 urldate = {2017-10-19},
 publisher = {ZDNet},
 editor = {Krigsman, Michael}
}

@online{Okamoto.1992,
 author = {Okamoto, Tatsuake and Ohta, Kazuo},
 year = {1992},
 title = {Universal Electronic Cash},
 url = {https://link.springer.com/content/pdf/10.1007\%2F3-540-46766-1_27.pdf},
 address = {Japan},
 urldate = {2017-10-19},
 publisher = {Springer},
}

@book{Doraiswamy.2009,
 author = {Doraiswamy, Arvind},
 year = {2009},
 title = {Security Testing Handbook for Banking Applications},
 url = {https://www.safaribooksonline.com/library/view/security-testing-handbook/9781849281089/},
 address = {o.O.},
 urldate = {2017-10-19},
 edition = {1},
 publisher = {{IT Governance Publishing}},
 % isbn = {9781849281089},
 institution = {{IT Governance Publishing}}
}


@book{Wolff.2016,
 author = {Wolff, Eberhard},
 year = {2016},
 title = {Microservices: Flexible Software Architecture},
%  url = {http://ptgmedia.pearsoncmg.com/images/9780134602417/samplepages/9780134602417.pdf},
 address = {United States of America},
%  urldate = {2017-10-19},
 publisher = {Addison-Wesley},
 % isbn = {978-0-134-60241-7},
 institution = {Addison-Wesley}
}


@misc{Schlatt.2016,
 author = {Schlatt, Vincent and Schweizer, Andr{\'e} and Urbach, Nils and Fridgen, Gilbert},
 year = {2016},
 title = {BLOCKCHAIN:~Grundlagen, Anwendungen und Potenziale: White Paper},
%  url = {http://www.fim-rc.de/wp-content/uploads/Blockchain_WhitePaper_Fraunhofer_FIT_2016.pdf},
 address = {Bayreuth},
%  urldate = {2017-10-13}
}


@misc{Richardson.2015,
 author = {Richardson, Chris and Smith, Floyd},
 year = {2015},
 title = {Microservices: From Design to Deployment},
%  url = {https://www.nginx.com/blog/introduction-to-microservices/},
 address = {w.l.},
%  urldate = {2017-10-19}
}


@misc{Dapp.2016,
 author = {Dapp, Thomas-Frank},
 date = {2016},
 title = {Are you already experimenting with blockchain? (Fintech {\#}6)},
 url = {https://www.dbresearch.com/PROD/RPS_EN-PROD/PROD0000000000441866/Are_you_already_experimenting_with_blockchain\%3F_\%28Fi.pdf},
 keywords = {Banken;Banking;Economic structure;Financial market trends;Finanzmarkttrends;Fokusthemen;Gesellschaft / Konsumenten;Global financial markets;Globale Finanzm{\"a}rkte;Handel;Immaterielle G{\"u}ter;Information technology;Informationstechnologie;Innovation;Intangible assets;International capital markets;International financial system;Internationale Kapitalm{\"a}rkte;Internationales Finanzsystem;Internet;Key issues;Macroeconomics;Makro{\"o}konomie;Media/PR {\&} Advertising;Medien/Werbung;Social values / Consumer behaviour;Socio-econ. trends;Sozio-{\"o}kon. Trends;Technologie und Innovation;Technology and innovation;Telecommunication;Telekommunikation;Trade;Wirtschaftsstruktur},
 address = {Frankfurt, Germany},
 urldate = {2016-03-23},
 edition = {1},
 institution = {{Deutsche Bank Research}}
}
 
@online{Ripple.2017,
  author = {w.A.},
  url = {https://ripple.com/solutions/},
  urldate = {2017-11-04},
  title = {Ripple},
  year = {w.y.}
 }

@article{Kiljan.2017,
 author = {Kiljan, Sven and Simoens, Koen and Cock, Danny De and {van Eekelen}, Marko and Vranken, Harald},
 year = {2017},
 title = {A Survey of Authentication and Communications Security in Online Banking},
 url = {http://delivery.acm.org/10.1145/3010000/3002170/a61-kiljan.pdf?ip=188.98.124.214&id=3002170&acc=ACTIVE\%20SERVICE&key=2BA2C432AB83DA15\%2EAAC2D66BCB5A768A\%2E4D4702B0C3E38B35\%2E4D4702B0C3E38B35&CFID=819613986&CFTOKEN=58674452&__acm__=1508314027_03c303155253b42bc7f7ed1881c8c4eb},
 urldate = {2017-10-18},
 pages = {1--35},
 volume = {49},
 number = {4},
 issn = {03600300},
 journal = {ACM Computing Surveys},
 doi = {10.1145/3002170}
}


@book{Fernandez.2013,
 author = {Fernandez, Eduardo B.},
 year = {2013},
 title = {Security patterns in practice: Designing secure architectures using software patterns /   Eduardo B. Fernandez},
 url = {https://books.google.de/books?hl=en&lr=&id=3vppszXPdr0C&oi=fnd&pg=PT8&dq=secure+banking+software&ots=Oqx3RU5p5v&sig=ocTmuUmSr_eMS6j9yeenDKrdljQ#v=onepage&q=secure\%20banking\%20software&f=false},
 price = {{\pounds}39.99},
 address = {Chichester, West Sussex},
 urldate = {2017-10-18},
 publisher = {{John Wiley {\&} Sons Ltd}},
 % isbn = {978-1-119-99894-5},
 series = {Wiley series in software design patterns}
}

% This file was created with Citavi 5.7.0.0

@article{Hole.2006,
 author = {Hole, Kjell J. and Moen, Vebjoern and Tjostheim, Thomas},
 year = {2006},
 title = {Case Study:~Online Banking Security},
 url = {http://ieeexplore.ieee.org/document/1621055/},
 urldate = {2017-10-19},
 pages = {14--20},
 volume = {4},
 number = {2},
 journal = {IEEE~Security {\&}~Privacy}
}

% This file was created with Citavi 5.7.0.0

@proceedings{IEEE.2009,
 year = {2009},
 title = {Annual Computer Security Applications Conference, 2009: ACSAC '09 ; 7 - 11 Dec. 2009, Honolulu, Hawaii ; proceedings},
 url = {http://ieeexplore.ieee.org/document/5380686/},
 address = {Piscataway, NJ and Piscataway, NJ},
 urldate = {2017-10-19},
 publisher = {IEEE},
 % isbn = {978-1-4244-5327-6},
 institution = {IEEE}
}
% This file was created with Citavi 5.7.0.0

@online{King.2012,
 author = {King, Sunny and Nadal, Scott},
 date = {2012},
 title = {PPCOin:~Peer-to-Peer Crypto-Currency with Proof-of-Stake},
 url = {http://peerco.in/assets/paper/peercoin-paper.pdf},
 urldate = {2017-10-19}
}

% This file was created with Citavi 5.7.0.0

@online{w.A..2016,
 author = {w.A.},
 year = {2016},
 title = {Whitepaper:Nxt},
 url = {https://nxtwiki.org/wiki/Whitepaper:Nxt},
 address = {w.P.},
 urldate = {2017-10-19}
}





@article{Abadi.2005,
 author = {Abadi, Martin and Burrows, Mike and Manasse, Mark and Wobber, Ted},
 year = {2005},
 title = {Moderately Hard, Memory-bound Functions},
%  url = {https://doi.org/10.1145/1064340.1064341},
%  urldate = {2017-10-19},
 pages = {299--327},
 publisher = {w.pub.},
 address = {ACM},
 volume = {5},
 number = {2},
 journal = {ACM~Transactions on Internet Technology}
}




@inproceedings{Abliz.2009,
 author = {Abliz, Mehmud and Znati, Taieb},
 title = {A Guided Tour Puzzle for Denial of Service Prevention},
%  url = {http://ieeexplore.ieee.org/document/5380686/},
%  urldate = {2017-10-19},
 pages = {279--288},
 publisher = {IEEE},
%  isbn = {978-1-4244-5327-6},
 booktitle = {Annual Computer Security Applications Conference, 2009},
 year = {2009},
 address = {Piscataway, NJ}
}




@article{Dwork.1993,
 author = {Dwork, Cynthia and Naor, Moni},
 year = {1993},
 title = {Pricing via Processing, Or, Combatting Junk Mail: Advances in Cryptology},
%  url = {http://www.hashcash.org/papers/pvp.pdf},
%  urldate = {2017-10-19},
 pages = {139--147},
 volume = {740},
 number = {w.N.},
 journal = {Lecture Notes in Computer Science}
}




@inproceedings{Nilsson.2005,
 author = {Nilsson, Maria and Adams, Anne and Herd, Simon},
 title = {Building Security and Trust in Online Banking},
 url = {http://dl.acm.org/citation.cfm?id=1056808},
 keywords = {Computer science},
 urldate = {2017-10-18},
 pages = {1701--1704},
 publisher = {ACM},
 % isbn = {1-59593-002-7},
 editor = {{van der Veer}, Gerrit and {van der Veer}, G. C. and Gale, Carolyn},
 booktitle = {CHI '05 Extended Abstracts on Human Factors in Computing Systems},
 year = {2005},
 address = {New York, New York}
}


@proceedings{vanderVeer.2005,
 year = {2005},
 title = {CHI '05 Extended Abstracts on Human Factors in Computing Systems},
 url = {https://dl.acm.org/citation.cfm?id=1056808&picked=prox&cfid=819613986&cftoken=58674452},
 address = {New York, New York},
 urldate = {2017-10-18},
 number = {1},
 publisher = {ACM},
 % isbn = {1-59593-002-7},
 editor = {{van der Veer}, Gerrit and {van der Veer}, G. C. and Gale, Carolyn},
 institution = {{CHI Conference}}
}


@proceedings{Janssen.2004,
 year = {2004},
 title = {ICEC '04 Proceedings of the 6th international conference on Electronic commerce},
 url = {https://dl.acm.org/citation.cfm?id=1052220&picked=prox&CFID=819613986&CFTOKEN=58674452},
 address = {New York, New York},
 urldate = {2017-10-18},
 publisher = {ACM},
 % isbn = {1-58113-930-6},
 editor = {Janssen, Marjin and {Sol, Henk, G.} and {Wagenaar, Ren{\'e}, W.}},
 institution = {ACM}
}


@inproceedings{Koskosas.2004,
 author = {Koskosas, Ioannis and {Paul, Ray, J.}},
 title = {The Interrelationship and Effect of Culture and Risk Communication in Setting Banking Security Goals},
 url = {https://dl.acm.org/citation.cfm?id=1052264&CFID=819613986&CFTOKEN=58674452},
 urldate = {2017-10-18},
 pages = {341--350},
 volume = {1},
 publisher = {ACM},
 % isbn = {1-58113-930-6},
 editor = {Janssen, Marjin and {Sol, Henk, G.} and {Wagenaar, Ren{\'e}, W.}},
 booktitle = {ICEC '04 Proceedings of the 6th international conference on Electronic commerce},
 year = {2004},
 address = {New York, New York}
}


@inproceedings{Panja.2013,
 author = {Panja, Biswajit and Fattaleh, Dennis and Mercado, Mark and Robinson, Adam and Meharia, Priyanka},
 title = {Cybersecurity in banking and financial sector: Security analysis of a mobile banking application},
 url = {http://ieeexplore.ieee.org/document/6567261/},
 urldate = {2017-10-18},
 publisher = {IEEE},
 % isbn = {978-1-4673-6404-1},
 editor = {Smari, Waleed W.},
 booktitle = {International Conference on Collaboration Technologies and Systems (CTS), 2013},
 year = {2013},
 address = {Piscataway, NJ and Piscataway, NJ}
}


@proceedings{Smari.2013,
 year = {2013},
 title = {International Conference on Collaboration Technologies and Systems (CTS), 2013: 20 - 24 May 2013, Sheraton San Diego Hotel {\&} Marina, San Diego, California, USA ; [including symposia and workshops]},
 url = {http://ieeexplore.ieee.org/document/6567261/},
 address = {Piscataway, NJ and Piscataway, NJ},
 urldate = {2017-10-13},
 publisher = {IEEE},
 % isbn = {978-1-4673-6404-1},
 editor = {Smari, Waleed W.},
 institution = {{International Conference on Collaboration Technologies and Systems (CTS)} and {International Symposium on Big Data and Data Analytics in Collaboration (BDDAC)} and {International Workshop on Collaborative Mobile Systems and Sensors Networks (CMSSN)} and {International Workshop on E-Transactions Systems (ETS)} and {International Symposium on Collaboration, Social Computing, New Media, and Networks (SoMNet)} and {International Symposium on Security in Collaboration Technologies and Systems (SECOTS)} and {International Workshop on Collaborative Robots and Human Robot Interaction (CR-HRI)} and {International Workshop on Collaborations in Emergency Response and Disaster Management (ERDM)} and {International Workshop on Collaboration and Gaming (CoGames)} and {International Workshop on Collaboration Technologies and Systems in Healthcare and Biomedical Fields (CoHeB)}}
}


@proceedings{Venugopal.2016,
 year = {2016},
 title = {Proceedings of 2016 Online International Conference on Green Engineering and Technologies (IC-GET)},
 url = {http://ieeexplore.ieee.org/document/7916850/},
 address = {Piscataway, NJ},
 urldate = {2017-10-18},
 publisher = {IEEE},
 % isbn = {978-1-5090-4556-3},
 editor = {Venugopal, Hridya and Viswanath, N.},
 institution = {{Green Engineering and Technologies}}
}


@article{Liao.2003,
 abstract = {http://doi.acm.org/10.1145/953460.953507},
 author = {Liao, Ziqi and Cheung, Michael Tow},
 year = {2003},
 title = {Challenges to Internet e-banking},
 url = {https://dl.acm.org/citation.cfm?id=953507&CFID=819613986&CFTOKEN=58674452},
 urldate = {2017-10-18},
 pages = {248},
 volume = {46},
 number = {12},
 issn = {00010782},
 journal = {Communications of the ACM},
 doi = {10.1145/953460.953507}
}


@misc{Dapp.2015,
 author = {Dapp and Karollus},
 date = {2015},
 title = {Blockchain -- attack is probably the best form of defence: (Fintech {\#}2)},
 url = {https://www.dbresearch.com/PROD/RPS_EN-PROD/PROD0000000000441839/Blockchain_\%E2\%80\%93_attack_is_probably_the_best_form_of_d.PDF},
 keywords = {Banken;Banking;Economic structure;Financial market trends;Finanzmarkttrends;Fokusthemen;Gesellschaft / Konsumenten;Global financial markets;Globale Finanzm{\"a}rkte;Handel;Immaterielle G{\"u}ter;Information technology;Informationstechnologie;Innovation;Intangible assets;International financial markets;International financial system;Internationale Finanzm{\"a}rkte;Internationales Finanzsystem;Internet;Key issues;Macroeconomics;Makro{\"o}konomie;Media/PR {\&} Advertising;Medien/Werbung;Social values / Consumer behaviour;Socio-econ. trends;Sozio-{\"o}kon. Trends;Technologie und Innovation;Technology and innovation;Telecommunication;Telekommunikation;Trade;Wirtschaftsstruktur},
 address = {Frankfurt, Germany},
 urldate = {2017-10-19},
 edition = {1},
 institution = {{Deutsche Bank Research}}
}


@misc{Schutte.2017,
 abstract = {In dem vorliegenden Positionspapier der Fraunhofer-Gesellschaft erfolgt -- basierend auf den wesentlichen Grundlagen und Eigenschaften -- eine Einordung der Blockchain-Technologie in die Forschungslandschaft sowie eine Identifikation der noch offenen Forschungsfragen. Das vielf{\"a}ltige Potential dieser neuen Technologie wird illustriert durch eine Darstellung der bereits existierenden aber auch denkbaren zuk{\"u}nftigen Anwendungsm{\"o}glichkeiten. Abschlie{\ss}end wird aufgezeigt welchen Beitrag die Fraunhofer-Gesellschaft, auf Basis ihrer spezifischen Kompetenzen, bei der weiteren Entwicklung und Implementierung der Technologie leisten kann.},
 author = {Sch{\"u}tte, J. and Fridgen, G. and Rose, T. and Urbach, N. and Hoeren, T. and Guggenberger, N. and Welzel, C. and Holly, S. and Schulte, A.},
 year = {2017},
 title = {BLOCKCHAIN - Technologien, Forschungsfragen und Anwendungen: Blockchain Positionspapier},
%  url = {https://www.aisec.fraunhofer.de/content/dam/aisec/Dokumente/Publikationen/Studien_TechReports/deutsch/FhG-Positionspapier-Blockchain.pdf},
%  urldate = {2017-10-13},
 edition = {1},
 address = {w.l.}
}




@Inproceedings{Ancuti,
  Title                    = {Enhancing underwater images and videos by fusion},
  Author                   = {Ancuti, C. and Ancuti, C.O. and Haber, T. and Bekaert, P.},
  Booktitle                = {IEEE Conference on Computer Vision and Pattern Recognition (CVPR)},
  Year                     = {2012},
  Doi                      = {10.1109/CVPR.2012.6247661},
  Pages                    = {81-88},

  Abstract                 = {This paper describes a novel strategy to enhance underwater videos and images. Built on the fusion principles, our strategy derives the inputs and the weight measures only from the degraded version of the image. In order to overcome the limitations of the underwater medium we define two inputs that represent color corrected and contrast enhanced versions of the original underwater image/frame, but also four weight maps that aim to increase the visibility of the distant objects degraded due to the medium scattering and absorption. Our strategy is a single image approach that does not require specialized hardware or knowledge about the underwater conditions or scene structure. Our fusion framework also supports temporal coherence between adjacent frames by performing an effective edge preserving noise reduction strategy. The enhanced images and videos are characterized by reduced noise level, better exposed-ness of the dark regions, improved global contrast while the finest details and edges are enhanced significantly. In addition, the utility of our enhancing technique is proved for several challenging applications.},
  Bdsk-url-1               = {http://dx.doi.org/10.1109/CVPR.2012.6247661},
  ISSN                     = {1063-6919},
  Keywords                 = {image colour analysis;image denoising;image enhancement;image fusion;light absorption;light scattering;video signal processing;adjacent frames;color corrected version;contrast enhanced version;distant objects degradation;edge preserving noise reduction strategy;enhancing technique;fusion framework;fusion principles;global contrast;image fusion;medium absorption;medium scattering;reduced noise level;single image approach;temporal coherence;underwater conditions;underwater image enhancement;underwater scene structure;underwater videos enhancement;weight maps;Image color analysis;Image edge detection;Image restoration;Laplace equations;Lighting;Noise;Videos}
}
